<?xml version="1.0" encoding="utf-8"?>
<Prices>
  <ChainID>7290661400001</ChainID>
  <SubChainID>001</SubChainID>
  <StoreID>026</StoreID>
  <BikoretNo>000</BikoretNo>
  <Products>
    <Product>
      <PriceUpdateDate>2014/01/14 13:45</PriceUpdateDate>
      <ItemCode>10</ItemCode>
      <ItemType>0</ItemType>
      <ItemName>כרטיס מועדון</ItemName>
      <ManufactureName>שונות /שרות</ManufactureName>
      <ManufactureCountry />
      <ManufactureItemDescription />
      <UnitQty>י"ח</UnitQty>
      <Quantity>1</Quantity>
      <UnitMeasure />
      <BisWeighted>0</BisWeighted>
      <QtyInPackage>1</QtyInPackage>
      <ItemPrice>30</ItemPrice>
      <UnitOfMeasurePrice>30</UnitOfMeasurePrice>
      <AllowDiscount>0</AllowDiscount>
      <itemStatus>1</itemStatus>
      <LastUpdateDate />
      <LastUpdateTime />
    </Product>
    <Product>
      <PriceUpdateDate>2013/11/28 11:16</PriceUpdateDate>
      <ItemCode>39</ItemCode>
      <ItemType>0</ItemType>
      <ItemName>ב  39 תו קניה</ItemName>
      <ManufactureName>ב משלוחים/תווים</ManufactureName>
      <ManufactureCountry />
      <ManufactureItemDescription />
      <UnitQty>י"ח</UnitQty>
      <Quantity>1</Quantity>
      <UnitMeasure />
      <BisWeighted>0</BisWeighted>
      <QtyInPackage>1</QtyInPackage>
      <ItemPrice>10</ItemPrice>
      <UnitOfMeasurePrice>10</UnitOfMeasurePrice>
      <AllowDiscount>0</AllowDiscount>
      <itemStatus>1</itemStatus>
      <LastUpdateDate />
      <LastUpdateTime />
    </Product>
    <Product>
      <PriceUpdateDate>2017/02/06 15:21</PriceUpdateDate>
      <ItemCode>151</ItemCode>
      <ItemType>0</ItemType>
      <ItemName>עוף טחון טרי  {קצביה]**</ItemName>
      <ManufactureName>ח.י. מעדני גורמה בעמ</ManufactureName>
      <ManufactureCountry />
      <ManufactureItemDescription />
      <UnitQty>ק"ג</UnitQty>
      <Quantity>1</Quantity>
      <UnitMeasure />
      <BisWeighted>1</BisWeighted>
      <QtyInPackage>1</QtyInPackage>
      <ItemPrice>39.90</ItemPrice>
      <UnitOfMeasurePrice>39.90</UnitOfMeasurePrice>
      <AllowDiscount>1</AllowDiscount>
      <itemStatus>1</itemStatus>
      <LastUpdateDate />
      <LastUpdateTime />
    </Product>
    <Product>
      <PriceUpdateDate>2020/03/25 09:45</PriceUpdateDate>
      <ItemCode>350</ItemCode>
      <ItemType>0</ItemType>
      <ItemName>דג פילה מושט טרי כ-100גר</ItemName>
      <ManufactureName>ח.י. מעדני גורמה בעמ</ManufactureName>
      <ManufactureCountry />
      <ManufactureItemDescription />
      <UnitQty>י"ח</UnitQty>
      <Quantity>1</Quantity>
      <UnitMeasure />
      <BisWeighted>0</BisWeighted>
      <QtyInPackage>1</QtyInPackage>
      <ItemPrice>14.90</ItemPrice>
      <UnitOfMeasurePrice>14.90</UnitOfMeasurePrice>
      <AllowDiscount>1</AllowDiscount>
      <itemStatus>1</itemStatus>
      <LastUpdateDate />
      <LastUpdateTime />
    </Product>
    <Product>
      <PriceUpdateDate>2018/01/24 15:21</PriceUpdateDate>
      <ItemCode>446</ItemCode>
      <ItemType>0</ItemType>
      <ItemName>פטריות תפזורת שקיל</ItemName>
      <ManufactureName>ביכורי הנגב מ.ד בעמ</ManufactureName>
      <ManufactureCountry />
      <ManufactureItemDescription />
      <UnitQty>ק"ג</UnitQty>
      <Quantity>1</Quantity>
      <UnitMeasure>ק"ג</UnitMeasure>
      <BisWeighted>1</BisWeighted>
      <QtyInPackage>1</QtyInPackage>
      <ItemPrice>39.90</ItemPrice>
      <UnitOfMeasurePrice>39.90</UnitOfMeasurePrice>
      <AllowDiscount>0</AllowDiscount>
      <itemStatus>1</itemStatus>
      <LastUpdateDate />
      <LastUpdateTime />
    </Product>
    <Product>
      <PriceUpdateDate>2019/12/08 12:59</PriceUpdateDate>
      <ItemCode>505</ItemCode>
      <ItemType>0</ItemType>
      <ItemName>אבוקדו.</ItemName>
      <ManufactureName>ביכורי הנגב מ.ד בעמ</ManufactureName>
      <ManufactureCountry />
      <ManufactureItemDescription />
      <UnitQty>ק"ג</UnitQty>
      <Quantity>1</Quantity>
      <UnitMeasure>ק"ג</UnitMeasure>
      <BisWeighted>1</BisWeighted>
      <QtyInPackage>1</QtyInPackage>
      <ItemPrice>14.90</ItemPrice>
      <UnitOfMeasurePrice>14.90</UnitOfMeasurePrice>
      <AllowDiscount>0</AllowDiscount>
      <itemStatus>1</itemStatus>
      <LastUpdateDate />
      <LastUpdateTime />
    </Product>
    <Product>
      <PriceUpdateDate>2020/04/16 13:51</PriceUpdateDate>
      <ItemCode>506</ItemCode>
      <ItemType>0</ItemType>
      <ItemName>אבטיח</ItemName>
      <ManufactureName>ביכורי הנגב מ.ד בעמ</ManufactureName>
      <ManufactureCountry />
      <ManufactureItemDescription />
      <UnitQty>ק"ג</UnitQty>
      <Quantity>1</Quantity>
      <UnitMeasure>ק"ג</UnitMeasure>
      <BisWeighted>1</BisWeighted>
      <QtyInPackage>1</QtyInPackage>
      <ItemPrice>6.90</ItemPrice>
      <UnitOfMeasurePrice>6.90</UnitOfMeasurePrice>
      <AllowDiscount>0</AllowDiscount>
      <itemStatus>1</itemStatus>
      <LastUpdateDate />
      <LastUpdateTime />
    </Product>
    <Product>
      <PriceUpdateDate>2020/04/21 09:05</PriceUpdateDate>
      <ItemCode>507</ItemCode>
      <ItemType>0</ItemType>
      <ItemName>אפרסק מובחר</ItemName>
      <ManufactureName>ביכורי הנגב מ.ד בעמ</ManufactureName>
      <ManufactureCountry />
      <ManufactureItemDescription />
      <UnitQty>ק"ג</UnitQty>
      <Quantity>1</Quantity>
      <UnitMeasure>ק"ג</UnitMeasure>
      <BisWeighted>1</BisWeighted>
      <QtyInPackage>1</QtyInPackage>
      <ItemPrice>19.90</ItemPrice>
      <UnitOfMeasurePrice>19.90</UnitOfMeasurePrice>
      <AllowDiscount>0</AllowDiscount>
      <itemStatus>1</itemStatus>
      <LastUpdateDate />
      <LastUpdateTime />
    </Product>
    <Product>
      <PriceUpdateDate>2019/12/01 14:27</PriceUpdateDate>
      <ItemCode>510</ItemCode>
      <ItemType>0</ItemType>
      <ItemName>אגסים</ItemName>
      <ManufactureName>ביכורי הנגב מ.ד בעמ</ManufactureName>
      <ManufactureCountry />
      <ManufactureItemDescription />
      <UnitQty>ק"ג</UnitQty>
      <Quantity>1</Quantity>
      <UnitMeasure>ק"ג</UnitMeasure>
      <BisWeighted>1</BisWeighted>
      <QtyInPackage>1</QtyInPackage>
      <ItemPrice>11.90</ItemPrice>
      <UnitOfMeasurePrice>11.90</UnitOfMeasurePrice>
      <AllowDiscount>0</AllowDiscount>
      <itemStatus>1</itemStatus>
      <LastUpdateDate />
      <LastUpdateTime />
    </Product>
    <Product>
      <PriceUpdateDate>2020/04/23 09:12</PriceUpdateDate>
      <ItemCode>514</ItemCode>
      <ItemType>0</ItemType>
      <ItemName>תפוזון</ItemName>
      <ManufactureName>ביכורי הנגב מ.ד בעמ</ManufactureName>
      <ManufactureCountry />
      <ManufactureItemDescription />
      <UnitQty>ק"ג</UnitQty>
      <Quantity>1</Quantity>
      <UnitMeasure />
      <BisWeighted>1</BisWeighted>
      <QtyInPackage>1</QtyInPackage>
      <ItemPrice>6.90</ItemPrice>
      <UnitOfMeasurePrice>6.90</UnitOfMeasurePrice>
      <AllowDiscount>0</AllowDiscount>
      <itemStatus>1</itemStatus>
      <LastUpdateDate />
      <LastUpdateTime />
    </Product>
    <Product>
      <PriceUpdateDate>2020/04/21 12:06</PriceUpdateDate>
      <ItemCode>522</ItemCode>
      <ItemType>0</ItemType>
      <ItemName>אננס.</ItemName>
      <ManufactureName>ביכורי הנגב מ.ד בעמ</ManufactureName>
      <ManufactureCountry />
      <ManufactureItemDescription />
      <UnitQty>י"ח</UnitQty>
      <Quantity>1</Quantity>
      <UnitMeasure />
      <BisWeighted>0</BisWeighted>
      <QtyInPackage>1</QtyInPackage>
      <ItemPrice>39.90</ItemPrice>
      <UnitOfMeasurePrice>39.90</UnitOfMeasurePrice>
      <AllowDiscount>0</AllowDiscount>
      <itemStatus>1</itemStatus>
      <LastUpdateDate />
      <LastUpdateTime />
    </Product>
    <Product>
      <PriceUpdateDate>2020/04/01 09:32</PriceUpdateDate>
      <ItemCode>525</ItemCode>
      <ItemType>0</ItemType>
      <ItemName>אשכולית</ItemName>
      <ManufactureName>ביכורי הנגב מ.ד בעמ</ManufactureName>
      <ManufactureCountry />
      <ManufactureItemDescription />
      <UnitQty>ק"ג</UnitQty>
      <Quantity>1</Quantity>
      <UnitMeasure>ק"ג</UnitMeasure>
      <BisWeighted>1</BisWeighted>
      <QtyInPackage>1</QtyInPackage>
      <ItemPrice>7.90</ItemPrice>
      <UnitOfMeasurePrice>7.90</UnitOfMeasurePrice>
      <AllowDiscount>0</AllowDiscount>
      <itemStatus>1</itemStatus>
      <LastUpdateDate />
      <LastUpdateTime />
    </Product>
    <Product>
      <PriceUpdateDate>2020/04/16 13:51</PriceUpdateDate>
      <ItemCode>530</ItemCode>
      <ItemType>0</ItemType>
      <ItemName>בננה</ItemName>
      <ManufactureName>ביכורי הנגב מ.ד בעמ</ManufactureName>
      <ManufactureCountry />
      <ManufactureItemDescription />
      <UnitQty>ק"ג</UnitQty>
      <Quantity>1</Quantity>
      <UnitMeasure>ק"ג</UnitMeasure>
      <BisWeighted>1</BisWeighted>
      <QtyInPackage>1</QtyInPackage>
      <ItemPrice>10.90</ItemPrice>
      <UnitOfMeasurePrice>10.90</UnitOfMeasurePrice>
      <AllowDiscount>0</AllowDiscount>
      <itemStatus>1</itemStatus>
      <LastUpdateDate />
      <LastUpdateTime />
    </Product>
    <Product>
      <PriceUpdateDate>2020/04/21 09:05</PriceUpdateDate>
      <ItemCode>535</ItemCode>
      <ItemType>0</ItemType>
      <ItemName>לימון</ItemName>
      <ManufactureName>ביכורי הנגב מ.ד בעמ</ManufactureName>
      <ManufactureCountry />
      <ManufactureItemDescription />
      <UnitQty>ק"ג</UnitQty>
      <Quantity>1</Quantity>
      <UnitMeasure>ק"ג</UnitMeasure>
      <BisWeighted>1</BisWeighted>
      <QtyInPackage>1</QtyInPackage>
      <ItemPrice>9.90</ItemPrice>
      <UnitOfMeasurePrice>9.90</UnitOfMeasurePrice>
      <AllowDiscount>0</AllowDiscount>
      <itemStatus>1</itemStatus>
      <LastUpdateDate />
      <LastUpdateTime />
    </Product>
    <Product>
      <PriceUpdateDate>2019/01/04 09:06</PriceUpdateDate>
      <ItemCode>536</ItemCode>
      <ItemType>0</ItemType>
      <ItemName>פמלה</ItemName>
      <ManufactureName>ביכורי הנגב מ.ד בעמ</ManufactureName>
      <ManufactureCountry />
      <ManufactureItemDescription />
      <UnitQty>ק"ג</UnitQty>
      <Quantity>1</Quantity>
      <UnitMeasure>ק"ג</UnitMeasure>
      <BisWeighted>1</BisWeighted>
      <QtyInPackage>1</QtyInPackage>
      <ItemPrice>7.90</ItemPrice>
      <UnitOfMeasurePrice>7.90</UnitOfMeasurePrice>
      <AllowDiscount>0</AllowDiscount>
      <itemStatus>1</itemStatus>
      <LastUpdateDate />
      <LastUpdateTime />
    </Product>
    <Product>
      <PriceUpdateDate>2020/04/22 09:09</PriceUpdateDate>
      <ItemCode>540</ItemCode>
      <ItemType>0</ItemType>
      <ItemName>מלון</ItemName>
      <ManufactureName>ביכורי הנגב מ.ד בעמ</ManufactureName>
      <ManufactureCountry />
      <ManufactureItemDescription />
      <UnitQty>ק"ג</UnitQty>
      <Quantity>1</Quantity>
      <UnitMeasure>ק"ג</UnitMeasure>
      <BisWeighted>1</BisWeighted>
      <QtyInPackage>1</QtyInPackage>
      <ItemPrice>6.90</ItemPrice>
      <UnitOfMeasurePrice>6.90</UnitOfMeasurePrice>
      <AllowDiscount>0</AllowDiscount>
      <itemStatus>1</itemStatus>
      <LastUpdateDate />
      <LastUpdateTime />
    </Product>
    <Product>
      <PriceUpdateDate>2020/04/19 14:29</PriceUpdateDate>
      <ItemCode>545</ItemCode>
      <ItemType>0</ItemType>
      <ItemName>נקטרינה</ItemName>
      <ManufactureName>ביכורי הנגב מ.ד בעמ</ManufactureName>
      <ManufactureCountry />
      <ManufactureItemDescription />
      <UnitQty>ק"ג</UnitQty>
      <Quantity>1</Quantity>
      <UnitMeasure>ק"ג</UnitMeasure>
      <BisWeighted>1</BisWeighted>
      <QtyInPackage>1</QtyInPackage>
      <ItemPrice>29.90</ItemPrice>
      <UnitOfMeasurePrice>29.90</UnitOfMeasurePrice>
      <AllowDiscount>0</AllowDiscount>
      <itemStatus>1</itemStatus>
      <LastUpdateDate />
      <LastUpdateTime />
    </Product>
    <Product>
      <PriceUpdateDate>2020/04/23 09:12</PriceUpdateDate>
      <ItemCode>560</ItemCode>
      <ItemType>0</ItemType>
      <ItemName>קלמנטינה</ItemName>
      <ManufactureName>ביכורי הנגב מ.ד בעמ</ManufactureName>
      <ManufactureCountry />
      <ManufactureItemDescription />
      <UnitQty>ק"ג</UnitQty>
      <Quantity>1</Quantity>
      <UnitMeasure>ק"ג</UnitMeasure>
      <BisWeighted>1</BisWeighted>
      <QtyInPackage>1</QtyInPackage>
      <ItemPrice>6.90</ItemPrice>
      <UnitOfMeasurePrice>6.90</UnitOfMeasurePrice>
      <AllowDiscount>0</AllowDiscount>
      <itemStatus>1</itemStatus>
      <LastUpdateDate />
      <LastUpdateTime />
    </Product>
    <Product>
      <PriceUpdateDate>2019/09/10 09:39</PriceUpdateDate>
      <ItemCode>561</ItemCode>
      <ItemType>0</ItemType>
      <ItemName>עגבניות שרי מנומר שקיל</ItemName>
      <ManufactureName>ביכורי הנגב מ.ד בעמ</ManufactureName>
      <ManufactureCountry />
      <ManufactureItemDescription />
      <UnitQty>ק"ג</UnitQty>
      <Quantity>1</Quantity>
      <UnitMeasure />
      <BisWeighted>1</BisWeighted>
      <QtyInPackage>1</QtyInPackage>
      <ItemPrice>19.90</ItemPrice>
      <UnitOfMeasurePrice>19.90</UnitOfMeasurePrice>
      <AllowDiscount>0</AllowDiscount>
      <itemStatus>1</itemStatus>
      <LastUpdateDate />
      <LastUpdateTime />
    </Product>
    <Product>
      <PriceUpdateDate>2019/12/08 12:59</PriceUpdateDate>
      <ItemCode>563</ItemCode>
      <ItemType>0</ItemType>
      <ItemName>קיווי</ItemName>
      <ManufactureName>ביכורי הנגב מ.ד בעמ</ManufactureName>
      <ManufactureCountry />
      <ManufactureItemDescription />
      <UnitQty>ק"ג</UnitQty>
      <Quantity>1</Quantity>
      <UnitMeasure>ק"ג</UnitMeasure>
      <BisWeighted>1</BisWeighted>
      <QtyInPackage>1</QtyInPackage>
      <ItemPrice>19.90</ItemPrice>
      <UnitOfMeasurePrice>19.90</UnitOfMeasurePrice>
      <AllowDiscount>0</AllowDiscount>
      <itemStatus>1</itemStatus>
      <LastUpdateDate />
      <LastUpdateTime />
    </Product>
    <Product>
      <PriceUpdateDate>2020/04/23 09:12</PriceUpdateDate>
      <ItemCode>575</ItemCode>
      <ItemType>0</ItemType>
      <ItemName>תפוז תבורי.</ItemName>
      <ManufactureName>ביכורי הנגב מ.ד בעמ</ManufactureName>
      <ManufactureCountry />
      <ManufactureItemDescription />
      <UnitQty>ק"ג</UnitQty>
      <Quantity>1</Quantity>
      <UnitMeasure>ק"ג</UnitMeasure>
      <BisWeighted>1</BisWeighted>
      <QtyInPackage>1</QtyInPackage>
      <ItemPrice>6.90</ItemPrice>
      <UnitOfMeasurePrice>6.90</UnitOfMeasurePrice>
      <AllowDiscount>0</AllowDiscount>
      <itemStatus>1</itemStatus>
      <LastUpdateDate />
      <LastUpdateTime />
    </Product>
    <Product>
      <PriceUpdateDate>2018/07/15 14:04</PriceUpdateDate>
      <ItemCode>580</ItemCode>
      <ItemType>0</ItemType>
      <ItemName>תפוח אנה</ItemName>
      <ManufactureName>ביכורי הנגב מ.ד בעמ</ManufactureName>
      <ManufactureCountry />
      <ManufactureItemDescription />
      <UnitQty>ק"ג</UnitQty>
      <Quantity>1</Quantity>
      <UnitMeasure>ק"ג</UnitMeasure>
      <BisWeighted>1</BisWeighted>
      <QtyInPackage>1</QtyInPackage>
      <ItemPrice>8.90</ItemPrice>
      <UnitOfMeasurePrice>8.90</UnitOfMeasurePrice>
      <AllowDiscount>0</AllowDiscount>
      <itemStatus>1</itemStatus>
      <LastUpdateDate />
      <LastUpdateTime />
    </Product>
    <Product>
      <PriceUpdateDate>2018/12/17 12:47</PriceUpdateDate>
      <ItemCode>583</ItemCode>
      <ItemType>0</ItemType>
      <ItemName>תפוח סמיט ירוק</ItemName>
      <ManufactureName>ביכורי הנגב מ.ד בעמ</ManufactureName>
      <ManufactureCountry />
      <ManufactureItemDescription />
      <UnitQty>ק"ג</UnitQty>
      <Quantity>1</Quantity>
      <UnitMeasure>ק"ג</UnitMeasure>
      <BisWeighted>1</BisWeighted>
      <QtyInPackage>1</QtyInPackage>
      <ItemPrice>10.90</ItemPrice>
      <UnitOfMeasurePrice>10.90</UnitOfMeasurePrice>
      <AllowDiscount>0</AllowDiscount>
      <itemStatus>1</itemStatus>
      <LastUpdateDate />
      <LastUpdateTime />
    </Product>
    <Product>
      <PriceUpdateDate>2018/12/17 12:47</PriceUpdateDate>
      <ItemCode>585</ItemCode>
      <ItemType>0</ItemType>
      <ItemName>תפוח חרמון</ItemName>
      <ManufactureName>ביכורי הנגב מ.ד בעמ</ManufactureName>
      <ManufactureCountry />
      <ManufactureItemDescription />
      <UnitQty>ק"ג</UnitQty>
      <Quantity>1</Quantity>
      <UnitMeasure>ק"ג</UnitMeasure>
      <BisWeighted>1</BisWeighted>
      <QtyInPackage>1</QtyInPackage>
      <ItemPrice>10.90</ItemPrice>
      <UnitOfMeasurePrice>10.90</UnitOfMeasurePrice>
      <AllowDiscount>0</AllowDiscount>
      <itemStatus>1</itemStatus>
      <LastUpdateDate />
      <LastUpdateTime />
    </Product>
    <Product>
      <PriceUpdateDate>2020/02/17 12:59</PriceUpdateDate>
      <ItemCode>586</ItemCode>
      <ItemType>0</ItemType>
      <ItemName>תפוז ברשת</ItemName>
      <ManufactureName>ביכורי הנגב מ.ד בעמ</ManufactureName>
      <ManufactureCountry />
      <ManufactureItemDescription />
      <UnitQty>ק"ג</UnitQty>
      <Quantity>1</Quantity>
      <UnitMeasure />
      <BisWeighted>1</BisWeighted>
      <QtyInPackage>1</QtyInPackage>
      <ItemPrice>4.90</ItemPrice>
      <UnitOfMeasurePrice>4.90</UnitOfMeasurePrice>
      <AllowDiscount>0</AllowDiscount>
      <itemStatus>1</itemStatus>
      <LastUpdateDate />
      <LastUpdateTime />
    </Product>
    <Product>
      <PriceUpdateDate>2018/12/03 16:02</PriceUpdateDate>
      <ItemCode>588</ItemCode>
      <ItemType>0</ItemType>
      <ItemName>תפוח גלה</ItemName>
      <ManufactureName>ביכורי הנגב מ.ד בעמ</ManufactureName>
      <ManufactureCountry />
      <ManufactureItemDescription />
      <UnitQty>ק"ג</UnitQty>
      <Quantity>1</Quantity>
      <UnitMeasure>ק"ג</UnitMeasure>
      <BisWeighted>1</BisWeighted>
      <QtyInPackage>1</QtyInPackage>
      <ItemPrice>11.90</ItemPrice>
      <UnitOfMeasurePrice>11.90</UnitOfMeasurePrice>
      <AllowDiscount>0</AllowDiscount>
      <itemStatus>1</itemStatus>
      <LastUpdateDate />
      <LastUpdateTime />
    </Product>
    <Product>
      <PriceUpdateDate>2019/09/23 12:45</PriceUpdateDate>
      <ItemCode>590</ItemCode>
      <ItemType>0</ItemType>
      <ItemName>תפוח זהוב.</ItemName>
      <ManufactureName>ביכורי הנגב מ.ד בעמ</ManufactureName>
      <ManufactureCountry />
      <ManufactureItemDescription />
      <UnitQty>ק"ג</UnitQty>
      <Quantity>1</Quantity>
      <UnitMeasure>ק"ג</UnitMeasure>
      <BisWeighted>1</BisWeighted>
      <QtyInPackage>1</QtyInPackage>
      <ItemPrice>9.90</ItemPrice>
      <UnitOfMeasurePrice>9.90</UnitOfMeasurePrice>
      <AllowDiscount>0</AllowDiscount>
      <itemStatus>1</itemStatus>
      <LastUpdateDate />
      <LastUpdateTime />
    </Product>
    <Product>
      <PriceUpdateDate>2019/09/22 10:42</PriceUpdateDate>
      <ItemCode>598</ItemCode>
      <ItemType>0</ItemType>
      <ItemName>תפוח זהוב ברשת</ItemName>
      <ManufactureName>ביכורי הנגב מ.ד בעמ</ManufactureName>
      <ManufactureCountry />
      <ManufactureItemDescription />
      <UnitQty>ק"ג</UnitQty>
      <Quantity>1</Quantity>
      <UnitMeasure />
      <BisWeighted>1</BisWeighted>
      <QtyInPackage>1</QtyInPackage>
      <ItemPrice>8.90</ItemPrice>
      <UnitOfMeasurePrice>8.90</UnitOfMeasurePrice>
      <AllowDiscount>0</AllowDiscount>
      <itemStatus>1</itemStatus>
      <LastUpdateDate />
      <LastUpdateTime />
    </Product>
    <Product>
      <PriceUpdateDate>2020/04/28 15:15</PriceUpdateDate>
      <ItemCode>601</ItemCode>
      <ItemType>0</ItemType>
      <ItemName>ארטישוק</ItemName>
      <ManufactureName>ביכורי הנגב מ.ד בעמ</ManufactureName>
      <ManufactureCountry />
      <ManufactureItemDescription />
      <UnitQty>ק"ג</UnitQty>
      <Quantity>1</Quantity>
      <UnitMeasure>ק"ג</UnitMeasure>
      <BisWeighted>1</BisWeighted>
      <QtyInPackage>1</QtyInPackage>
      <ItemPrice>7.90</ItemPrice>
      <UnitOfMeasurePrice>7.90</UnitOfMeasurePrice>
      <AllowDiscount>0</AllowDiscount>
      <itemStatus>1</itemStatus>
      <LastUpdateDate />
      <LastUpdateTime />
    </Product>
    <Product>
      <PriceUpdateDate>2020/04/28 15:15</PriceUpdateDate>
      <ItemCode>605</ItemCode>
      <ItemType>0</ItemType>
      <ItemName>בצל יבש</ItemName>
      <ManufactureName>ביכורי הנגב מ.ד בעמ</ManufactureName>
      <ManufactureCountry />
      <ManufactureItemDescription />
      <UnitQty>ק"ג</UnitQty>
      <Quantity>1</Quantity>
      <UnitMeasure>ק"ג</UnitMeasure>
      <BisWeighted>1</BisWeighted>
      <QtyInPackage>1</QtyInPackage>
      <ItemPrice>4.90</ItemPrice>
      <UnitOfMeasurePrice>4.90</UnitOfMeasurePrice>
      <AllowDiscount>0</AllowDiscount>
      <itemStatus>1</itemStatus>
      <LastUpdateDate />
      <LastUpdateTime />
    </Product>
    <Product>
      <PriceUpdateDate>2020/03/10 12:19</PriceUpdateDate>
      <ItemCode>606</ItemCode>
      <ItemType>0</ItemType>
      <ItemName>בצל אדום</ItemName>
      <ManufactureName>ביכורי הנגב מ.ד בעמ</ManufactureName>
      <ManufactureCountry />
      <ManufactureItemDescription />
      <UnitQty>ק"ג</UnitQty>
      <Quantity>1</Quantity>
      <UnitMeasure>ק"ג</UnitMeasure>
      <BisWeighted>1</BisWeighted>
      <QtyInPackage>1</QtyInPackage>
      <ItemPrice>6.90</ItemPrice>
      <UnitOfMeasurePrice>6.90</UnitOfMeasurePrice>
      <AllowDiscount>0</AllowDiscount>
      <itemStatus>1</itemStatus>
      <LastUpdateDate />
      <LastUpdateTime />
    </Product>
    <Product>
      <PriceUpdateDate>2020/04/28 15:15</PriceUpdateDate>
      <ItemCode>607</ItemCode>
      <ItemType>0</ItemType>
      <ItemName>בצל לבן</ItemName>
      <ManufactureName>ביכורי הנגב מ.ד בעמ</ManufactureName>
      <ManufactureCountry />
      <ManufactureItemDescription />
      <UnitQty>ק"ג</UnitQty>
      <Quantity>1</Quantity>
      <UnitMeasure />
      <BisWeighted>1</BisWeighted>
      <QtyInPackage>1</QtyInPackage>
      <ItemPrice>4.90</ItemPrice>
      <UnitOfMeasurePrice>4.90</UnitOfMeasurePrice>
      <AllowDiscount>0</AllowDiscount>
      <itemStatus>1</itemStatus>
      <LastUpdateDate />
      <LastUpdateTime />
    </Product>
    <Product>
      <PriceUpdateDate>2020/02/03 09:32</PriceUpdateDate>
      <ItemCode>608</ItemCode>
      <ItemType>0</ItemType>
      <ItemName>בצל ירוק</ItemName>
      <ManufactureName>ביכורי הנגב מ.ד בעמ</ManufactureName>
      <ManufactureCountry />
      <ManufactureItemDescription />
      <UnitQty>י"ח</UnitQty>
      <Quantity>1</Quantity>
      <UnitMeasure />
      <BisWeighted>0</BisWeighted>
      <QtyInPackage>1</QtyInPackage>
      <ItemPrice>5.90</ItemPrice>
      <UnitOfMeasurePrice>5.90</UnitOfMeasurePrice>
      <AllowDiscount>0</AllowDiscount>
      <itemStatus>1</itemStatus>
      <LastUpdateDate />
      <LastUpdateTime />
    </Product>
    <Product>
      <PriceUpdateDate>2018/02/14 10:10</PriceUpdateDate>
      <ItemCode>610</ItemCode>
      <ItemType>0</ItemType>
      <ItemName>ברוקולי יחידה</ItemName>
      <ManufactureName>ביכורי הנגב מ.ד בעמ</ManufactureName>
      <ManufactureCountry />
      <ManufactureItemDescription />
      <UnitQty>י"ח</UnitQty>
      <Quantity>1</Quantity>
      <UnitMeasure />
      <BisWeighted>0</BisWeighted>
      <QtyInPackage>1</QtyInPackage>
      <ItemPrice>12.90</ItemPrice>
      <UnitOfMeasurePrice>12.90</UnitOfMeasurePrice>
      <AllowDiscount>1</AllowDiscount>
      <itemStatus>1</itemStatus>
      <LastUpdateDate />
      <LastUpdateTime />
    </Product>
    <Product>
      <PriceUpdateDate>2020/04/28 15:15</PriceUpdateDate>
      <ItemCode>612</ItemCode>
      <ItemType>0</ItemType>
      <ItemName>בטטה</ItemName>
      <ManufactureName>ביכורי הנגב מ.ד בעמ</ManufactureName>
      <ManufactureCountry />
      <ManufactureItemDescription />
      <UnitQty>ק"ג</UnitQty>
      <Quantity>1</Quantity>
      <UnitMeasure>ק"ג</UnitMeasure>
      <BisWeighted>1</BisWeighted>
      <QtyInPackage>1</QtyInPackage>
      <ItemPrice>9.90</ItemPrice>
      <UnitOfMeasurePrice>9.90</UnitOfMeasurePrice>
      <AllowDiscount>0</AllowDiscount>
      <itemStatus>1</itemStatus>
      <LastUpdateDate />
      <LastUpdateTime />
    </Product>
    <Product>
      <PriceUpdateDate>2020/03/15 19:49</PriceUpdateDate>
      <ItemCode>618</ItemCode>
      <ItemType>0</ItemType>
      <ItemName>גזר ארוז</ItemName>
      <ManufactureName>ביכורי הנגב מ.ד בעמ</ManufactureName>
      <ManufactureCountry />
      <ManufactureItemDescription />
      <UnitQty>ק"ג</UnitQty>
      <Quantity>1</Quantity>
      <UnitMeasure>ק"ג</UnitMeasure>
      <BisWeighted>1</BisWeighted>
      <QtyInPackage>1</QtyInPackage>
      <ItemPrice>4.90</ItemPrice>
      <UnitOfMeasurePrice>4.90</UnitOfMeasurePrice>
      <AllowDiscount>0</AllowDiscount>
      <itemStatus>1</itemStatus>
      <LastUpdateDate />
      <LastUpdateTime />
    </Product>
    <Product>
      <PriceUpdateDate>2020/03/29 15:19</PriceUpdateDate>
      <ItemCode>620</ItemCode>
      <ItemType>0</ItemType>
      <ItemName>דלעת</ItemName>
      <ManufactureName>ביכורי הנגב מ.ד בעמ</ManufactureName>
      <ManufactureCountry />
      <ManufactureItemDescription />
      <UnitQty>ק"ג</UnitQty>
      <Quantity>1</Quantity>
      <UnitMeasure>ק"ג</UnitMeasure>
      <BisWeighted>1</BisWeighted>
      <QtyInPackage>1</QtyInPackage>
      <ItemPrice>13.90</ItemPrice>
      <UnitOfMeasurePrice>13.90</UnitOfMeasurePrice>
      <AllowDiscount>0</AllowDiscount>
      <itemStatus>1</itemStatus>
      <LastUpdateDate />
      <LastUpdateTime />
    </Product>
    <Product>
      <PriceUpdateDate>2020/03/10 12:19</PriceUpdateDate>
      <ItemCode>622</ItemCode>
      <ItemType>0</ItemType>
      <ItemName>דלורית</ItemName>
      <ManufactureName>ביכורי הנגב מ.ד בעמ</ManufactureName>
      <ManufactureCountry />
      <ManufactureItemDescription />
      <UnitQty>ק"ג</UnitQty>
      <Quantity>1</Quantity>
      <UnitMeasure>ק"ג</UnitMeasure>
      <BisWeighted>1</BisWeighted>
      <QtyInPackage>1</QtyInPackage>
      <ItemPrice>6.90</ItemPrice>
      <UnitOfMeasurePrice>6.90</UnitOfMeasurePrice>
      <AllowDiscount>0</AllowDiscount>
      <itemStatus>1</itemStatus>
      <LastUpdateDate />
      <LastUpdateTime />
    </Product>
    <Product>
      <PriceUpdateDate>2018/07/16 10:01</PriceUpdateDate>
      <ItemCode>623</ItemCode>
      <ItemType>0</ItemType>
      <ItemName>חסה ערבית</ItemName>
      <ManufactureName>ביכורי הנגב מ.ד בעמ</ManufactureName>
      <ManufactureCountry />
      <ManufactureItemDescription />
      <UnitQty>י"ח</UnitQty>
      <Quantity>1</Quantity>
      <UnitMeasure />
      <BisWeighted>0</BisWeighted>
      <QtyInPackage>1</QtyInPackage>
      <ItemPrice>4.90</ItemPrice>
      <UnitOfMeasurePrice>4.90</UnitOfMeasurePrice>
      <AllowDiscount>0</AllowDiscount>
      <itemStatus>1</itemStatus>
      <LastUpdateDate />
      <LastUpdateTime />
    </Product>
    <Product>
      <PriceUpdateDate>2020/04/27 13:36</PriceUpdateDate>
      <ItemCode>625</ItemCode>
      <ItemType>0</ItemType>
      <ItemName>חציל</ItemName>
      <ManufactureName>ביכורי הנגב מ.ד בעמ</ManufactureName>
      <ManufactureCountry />
      <ManufactureItemDescription />
      <UnitQty>ק"ג</UnitQty>
      <Quantity>1</Quantity>
      <UnitMeasure>ק"ג</UnitMeasure>
      <BisWeighted>1</BisWeighted>
      <QtyInPackage>1</QtyInPackage>
      <ItemPrice>5.90</ItemPrice>
      <UnitOfMeasurePrice>5.90</UnitOfMeasurePrice>
      <AllowDiscount>0</AllowDiscount>
      <itemStatus>1</itemStatus>
      <LastUpdateDate />
      <LastUpdateTime />
    </Product>
    <Product>
      <PriceUpdateDate>2019/02/19 19:11</PriceUpdateDate>
      <ItemCode>628</ItemCode>
      <ItemType>0</ItemType>
      <ItemName>פול ירוק</ItemName>
      <ManufactureName>ביכורי הנגב מ.ד בעמ</ManufactureName>
      <ManufactureCountry />
      <ManufactureItemDescription />
      <UnitQty>ק"ג</UnitQty>
      <Quantity>1</Quantity>
      <UnitMeasure>ק"ג</UnitMeasure>
      <BisWeighted>1</BisWeighted>
      <QtyInPackage>1</QtyInPackage>
      <ItemPrice>9.90</ItemPrice>
      <UnitOfMeasurePrice>9.90</UnitOfMeasurePrice>
      <AllowDiscount>0</AllowDiscount>
      <itemStatus>1</itemStatus>
      <LastUpdateDate />
      <LastUpdateTime />
    </Product>
    <Product>
      <PriceUpdateDate>2015/10/08 11:47</PriceUpdateDate>
      <ItemCode>629</ItemCode>
      <ItemType>0</ItemType>
      <ItemName>ירק בתפזורת</ItemName>
      <ManufactureName>ביכורי הנגב מ.ד בעמ</ManufactureName>
      <ManufactureCountry />
      <ManufactureItemDescription />
      <UnitQty>י"ח</UnitQty>
      <Quantity>1</Quantity>
      <UnitMeasure />
      <BisWeighted>0</BisWeighted>
      <QtyInPackage>1</QtyInPackage>
      <ItemPrice>3.90</ItemPrice>
      <UnitOfMeasurePrice>3.90</UnitOfMeasurePrice>
      <AllowDiscount>1</AllowDiscount>
      <itemStatus>1</itemStatus>
      <LastUpdateDate />
      <LastUpdateTime />
    </Product>
    <Product>
      <PriceUpdateDate>2020/04/23 09:13</PriceUpdateDate>
      <ItemCode>630</ItemCode>
      <ItemType>0</ItemType>
      <ItemName>כרוב לבן</ItemName>
      <ManufactureName>ביכורי הנגב מ.ד בעמ</ManufactureName>
      <ManufactureCountry />
      <ManufactureItemDescription />
      <UnitQty>ק"ג</UnitQty>
      <Quantity>1</Quantity>
      <UnitMeasure>ק"ג</UnitMeasure>
      <BisWeighted>1</BisWeighted>
      <QtyInPackage>1</QtyInPackage>
      <ItemPrice>3.90</ItemPrice>
      <UnitOfMeasurePrice>3.90</UnitOfMeasurePrice>
      <AllowDiscount>1</AllowDiscount>
      <itemStatus>1</itemStatus>
      <LastUpdateDate />
      <LastUpdateTime />
    </Product>
    <Product>
      <PriceUpdateDate>2020/03/22 13:54</PriceUpdateDate>
      <ItemCode>633</ItemCode>
      <ItemType>0</ItemType>
      <ItemName>כרוב אדום</ItemName>
      <ManufactureName>ביכורי הנגב מ.ד בעמ</ManufactureName>
      <ManufactureCountry />
      <ManufactureItemDescription />
      <UnitQty>ק"ג</UnitQty>
      <Quantity>1</Quantity>
      <UnitMeasure>ק"ג</UnitMeasure>
      <BisWeighted>1</BisWeighted>
      <QtyInPackage>1</QtyInPackage>
      <ItemPrice>5.90</ItemPrice>
      <UnitOfMeasurePrice>5.90</UnitOfMeasurePrice>
      <AllowDiscount>0</AllowDiscount>
      <itemStatus>1</itemStatus>
      <LastUpdateDate />
      <LastUpdateTime />
    </Product>
    <Product>
      <PriceUpdateDate>2017/03/31 10:51</PriceUpdateDate>
      <ItemCode>637</ItemCode>
      <ItemType>0</ItemType>
      <ItemName>כרוב סיני</ItemName>
      <ManufactureName>ביכורי הנגב מ.ד בעמ</ManufactureName>
      <ManufactureCountry />
      <ManufactureItemDescription />
      <UnitQty>י"ח</UnitQty>
      <Quantity>1</Quantity>
      <UnitMeasure />
      <BisWeighted>0</BisWeighted>
      <QtyInPackage>1</QtyInPackage>
      <ItemPrice>5.90</ItemPrice>
      <UnitOfMeasurePrice>5.90</UnitOfMeasurePrice>
      <AllowDiscount>1</AllowDiscount>
      <itemStatus>1</itemStatus>
      <LastUpdateDate />
      <LastUpdateTime />
    </Product>
    <Product>
      <PriceUpdateDate>2016/09/19 12:31</PriceUpdateDate>
      <ItemCode>639</ItemCode>
      <ItemType>0</ItemType>
      <ItemName>לוף ירק</ItemName>
      <ManufactureName>ביכורי הנגב מ.ד בעמ</ManufactureName>
      <ManufactureCountry />
      <ManufactureItemDescription />
      <UnitQty>י"ח</UnitQty>
      <Quantity>1</Quantity>
      <UnitMeasure>י"ח</UnitMeasure>
      <BisWeighted>0</BisWeighted>
      <QtyInPackage>1</QtyInPackage>
      <ItemPrice>7.90</ItemPrice>
      <UnitOfMeasurePrice>7.90</UnitOfMeasurePrice>
      <AllowDiscount>0</AllowDiscount>
      <itemStatus>1</itemStatus>
      <LastUpdateDate />
      <LastUpdateTime />
    </Product>
    <Product>
      <PriceUpdateDate>2020/04/28 15:15</PriceUpdateDate>
      <ItemCode>645</ItemCode>
      <ItemType>0</ItemType>
      <ItemName>מלפפון</ItemName>
      <ManufactureName>ביכורי הנגב מ.ד בעמ</ManufactureName>
      <ManufactureCountry />
      <ManufactureItemDescription />
      <UnitQty>ק"ג</UnitQty>
      <Quantity>1</Quantity>
      <UnitMeasure>ק"ג</UnitMeasure>
      <BisWeighted>1</BisWeighted>
      <QtyInPackage>1</QtyInPackage>
      <ItemPrice>5.90</ItemPrice>
      <UnitOfMeasurePrice>5.90</UnitOfMeasurePrice>
      <AllowDiscount>0</AllowDiscount>
      <itemStatus>1</itemStatus>
      <LastUpdateDate />
      <LastUpdateTime />
    </Product>
    <Product>
      <PriceUpdateDate>2020/04/28 15:15</PriceUpdateDate>
      <ItemCode>659</ItemCode>
      <ItemType>0</ItemType>
      <ItemName>סלק אדום</ItemName>
      <ManufactureName>ביכורי הנגב מ.ד בעמ</ManufactureName>
      <ManufactureCountry />
      <ManufactureItemDescription />
      <UnitQty>ק"ג</UnitQty>
      <Quantity>1</Quantity>
      <UnitMeasure>ק"ג</UnitMeasure>
      <BisWeighted>1</BisWeighted>
      <QtyInPackage>1</QtyInPackage>
      <ItemPrice>5.90</ItemPrice>
      <UnitOfMeasurePrice>5.90</UnitOfMeasurePrice>
      <AllowDiscount>0</AllowDiscount>
      <itemStatus>1</itemStatus>
      <LastUpdateDate />
      <LastUpdateTime />
    </Product>
    <Product>
      <PriceUpdateDate>2020/04/28 15:15</PriceUpdateDate>
      <ItemCode>660</ItemCode>
      <ItemType>0</ItemType>
      <ItemName>עגבניה</ItemName>
      <ManufactureName>ביכורי הנגב מ.ד בעמ</ManufactureName>
      <ManufactureCountry />
      <ManufactureItemDescription />
      <UnitQty>ק"ג</UnitQty>
      <Quantity>1</Quantity>
      <UnitMeasure>ק"ג</UnitMeasure>
      <BisWeighted>1</BisWeighted>
      <QtyInPackage>1</QtyInPackage>
      <ItemPrice>4.90</ItemPrice>
      <UnitOfMeasurePrice>4.90</UnitOfMeasurePrice>
      <AllowDiscount>0</AllowDiscount>
      <itemStatus>1</itemStatus>
      <LastUpdateDate />
      <LastUpdateTime />
    </Product>
    <Product>
      <PriceUpdateDate>2019/09/10 13:45</PriceUpdateDate>
      <ItemCode>661</ItemCode>
      <ItemType>0</ItemType>
      <ItemName>עגבניה שרי תפזורת</ItemName>
      <ManufactureName>ביכורי הנגב מ.ד בעמ</ManufactureName>
      <ManufactureCountry />
      <ManufactureItemDescription />
      <UnitQty>ק"ג</UnitQty>
      <Quantity>1</Quantity>
      <UnitMeasure />
      <BisWeighted>1</BisWeighted>
      <QtyInPackage>1</QtyInPackage>
      <ItemPrice>19.90</ItemPrice>
      <UnitOfMeasurePrice>19.90</UnitOfMeasurePrice>
      <AllowDiscount>1</AllowDiscount>
      <itemStatus>1</itemStatus>
      <LastUpdateDate />
      <LastUpdateTime />
    </Product>
    <Product>
      <PriceUpdateDate>2020/04/28 15:15</PriceUpdateDate>
      <ItemCode>662</ItemCode>
      <ItemType>0</ItemType>
      <ItemName>עגבניה תמר</ItemName>
      <ManufactureName>ביכורי הנגב מ.ד בעמ</ManufactureName>
      <ManufactureCountry />
      <ManufactureItemDescription />
      <UnitQty>ק"ג</UnitQty>
      <Quantity>1</Quantity>
      <UnitMeasure />
      <BisWeighted>1</BisWeighted>
      <QtyInPackage>1</QtyInPackage>
      <ItemPrice>4.90</ItemPrice>
      <UnitOfMeasurePrice>4.90</UnitOfMeasurePrice>
      <AllowDiscount>0</AllowDiscount>
      <itemStatus>1</itemStatus>
      <LastUpdateDate />
      <LastUpdateTime />
    </Product>
    <Product>
      <PriceUpdateDate>2020/04/13 11:17</PriceUpdateDate>
      <ItemCode>663</ItemCode>
      <ItemType>0</ItemType>
      <ItemName>פלפל חריף</ItemName>
      <ManufactureName>ביכורי הנגב מ.ד בעמ</ManufactureName>
      <ManufactureCountry />
      <ManufactureItemDescription />
      <UnitQty>ק"ג</UnitQty>
      <Quantity>1</Quantity>
      <UnitMeasure>ק"ג</UnitMeasure>
      <BisWeighted>1</BisWeighted>
      <QtyInPackage>1</QtyInPackage>
      <ItemPrice>11.90</ItemPrice>
      <UnitOfMeasurePrice>11.90</UnitOfMeasurePrice>
      <AllowDiscount>0</AllowDiscount>
      <itemStatus>1</itemStatus>
      <LastUpdateDate />
      <LastUpdateTime />
    </Product>
    <Product>
      <PriceUpdateDate>2020/04/28 15:15</PriceUpdateDate>
      <ItemCode>665</ItemCode>
      <ItemType>0</ItemType>
      <ItemName>פלפל כהה.</ItemName>
      <ManufactureName>ביכורי הנגב מ.ד בעמ</ManufactureName>
      <ManufactureCountry />
      <ManufactureItemDescription />
      <UnitQty>ק"ג</UnitQty>
      <Quantity>1</Quantity>
      <UnitMeasure>ק"ג</UnitMeasure>
      <BisWeighted>1</BisWeighted>
      <QtyInPackage>1</QtyInPackage>
      <ItemPrice>6.90</ItemPrice>
      <UnitOfMeasurePrice>6.90</UnitOfMeasurePrice>
      <AllowDiscount>0</AllowDiscount>
      <itemStatus>1</itemStatus>
      <LastUpdateDate />
      <LastUpdateTime />
    </Product>
    <Product>
      <PriceUpdateDate>2020/04/28 15:15</PriceUpdateDate>
      <ItemCode>666</ItemCode>
      <ItemType>0</ItemType>
      <ItemName>פלפל צהוב</ItemName>
      <ManufactureName>ביכורי הנגב מ.ד בעמ</ManufactureName>
      <ManufactureCountry />
      <ManufactureItemDescription />
      <UnitQty>ק"ג</UnitQty>
      <Quantity>1</Quantity>
      <UnitMeasure>ק"ג</UnitMeasure>
      <BisWeighted>1</BisWeighted>
      <QtyInPackage>1</QtyInPackage>
      <ItemPrice>6.90</ItemPrice>
      <UnitOfMeasurePrice>6.90</UnitOfMeasurePrice>
      <AllowDiscount>0</AllowDiscount>
      <itemStatus>1</itemStatus>
      <LastUpdateDate />
      <LastUpdateTime />
    </Product>
    <Product>
      <PriceUpdateDate>2020/04/28 15:15</PriceUpdateDate>
      <ItemCode>667</ItemCode>
      <ItemType>0</ItemType>
      <ItemName>גמבה אדומה</ItemName>
      <ManufactureName>ביכורי הנגב מ.ד בעמ</ManufactureName>
      <ManufactureCountry />
      <ManufactureItemDescription />
      <UnitQty>ק"ג</UnitQty>
      <Quantity>1</Quantity>
      <UnitMeasure>ק"ג</UnitMeasure>
      <BisWeighted>1</BisWeighted>
      <QtyInPackage>1</QtyInPackage>
      <ItemPrice>5.90</ItemPrice>
      <UnitOfMeasurePrice>5.90</UnitOfMeasurePrice>
      <AllowDiscount>0</AllowDiscount>
      <itemStatus>1</itemStatus>
      <LastUpdateDate />
      <LastUpdateTime />
    </Product>
    <Product>
      <PriceUpdateDate>2020/04/22 09:09</PriceUpdateDate>
      <ItemCode>669</ItemCode>
      <ItemType>0</ItemType>
      <ItemName>פלפל בהיר</ItemName>
      <ManufactureName>ביכורי הנגב מ.ד בעמ</ManufactureName>
      <ManufactureCountry />
      <ManufactureItemDescription />
      <UnitQty>ק"ג</UnitQty>
      <Quantity>0</Quantity>
      <UnitMeasure>ק"ג</UnitMeasure>
      <BisWeighted>1</BisWeighted>
      <QtyInPackage>1</QtyInPackage>
      <ItemPrice>8.90</ItemPrice>
      <UnitOfMeasurePrice>8.90</UnitOfMeasurePrice>
      <AllowDiscount>0</AllowDiscount>
      <itemStatus>1</itemStatus>
      <LastUpdateDate />
      <LastUpdateTime />
    </Product>
    <Product>
      <PriceUpdateDate>2016/07/17 10:25</PriceUpdateDate>
      <ItemCode>673</ItemCode>
      <ItemType>0</ItemType>
      <ItemName>פטריות טרי  מגש</ItemName>
      <ManufactureName>ביכורי הנגב מ.ד בעמ</ManufactureName>
      <ManufactureCountry />
      <ManufactureItemDescription />
      <UnitQty>י"ח</UnitQty>
      <Quantity>1</Quantity>
      <UnitMeasure>י"ח</UnitMeasure>
      <BisWeighted>0</BisWeighted>
      <QtyInPackage>1</QtyInPackage>
      <ItemPrice>10.90</ItemPrice>
      <UnitOfMeasurePrice>10.90</UnitOfMeasurePrice>
      <AllowDiscount>1</AllowDiscount>
      <itemStatus>1</itemStatus>
      <LastUpdateDate />
      <LastUpdateTime />
    </Product>
    <Product>
      <PriceUpdateDate>2014/01/02 15:03</PriceUpdateDate>
      <ItemCode>683</ItemCode>
      <ItemType>0</ItemType>
      <ItemName>צנונית עלים</ItemName>
      <ManufactureName>ביכורי הנגב מ.ד בעמ</ManufactureName>
      <ManufactureCountry />
      <ManufactureItemDescription />
      <UnitQty>י"ח</UnitQty>
      <Quantity>1</Quantity>
      <UnitMeasure />
      <BisWeighted>0</BisWeighted>
      <QtyInPackage>1</QtyInPackage>
      <ItemPrice>6.90</ItemPrice>
      <UnitOfMeasurePrice>6.90</UnitOfMeasurePrice>
      <AllowDiscount>1</AllowDiscount>
      <itemStatus>1</itemStatus>
      <LastUpdateDate />
      <LastUpdateTime />
    </Product>
    <Product>
      <PriceUpdateDate>2020/04/28 15:15</PriceUpdateDate>
      <ItemCode>685</ItemCode>
      <ItemType>0</ItemType>
      <ItemName>קישואים.</ItemName>
      <ManufactureName>ביכורי הנגב מ.ד בעמ</ManufactureName>
      <ManufactureCountry />
      <ManufactureItemDescription />
      <UnitQty>ק"ג</UnitQty>
      <Quantity>1</Quantity>
      <UnitMeasure>ק"ג</UnitMeasure>
      <BisWeighted>1</BisWeighted>
      <QtyInPackage>1</QtyInPackage>
      <ItemPrice>7.90</ItemPrice>
      <UnitOfMeasurePrice>7.90</UnitOfMeasurePrice>
      <AllowDiscount>0</AllowDiscount>
      <itemStatus>1</itemStatus>
      <LastUpdateDate />
      <LastUpdateTime />
    </Product>
    <Product>
      <PriceUpdateDate>2020/04/13 11:17</PriceUpdateDate>
      <ItemCode>687</ItemCode>
      <ItemType>0</ItemType>
      <ItemName>קולורבי</ItemName>
      <ManufactureName>ביכורי הנגב מ.ד בעמ</ManufactureName>
      <ManufactureCountry />
      <ManufactureItemDescription />
      <UnitQty>ק"ג</UnitQty>
      <Quantity>1</Quantity>
      <UnitMeasure>ק"ג</UnitMeasure>
      <BisWeighted>1</BisWeighted>
      <QtyInPackage>1</QtyInPackage>
      <ItemPrice>7.90</ItemPrice>
      <UnitOfMeasurePrice>7.90</UnitOfMeasurePrice>
      <AllowDiscount>0</AllowDiscount>
      <itemStatus>1</itemStatus>
      <LastUpdateDate />
      <LastUpdateTime />
    </Product>
    <Product>
      <PriceUpdateDate>2018/06/18 10:07</PriceUpdateDate>
      <ItemCode>689</ItemCode>
      <ItemType>0</ItemType>
      <ItemName>שום ארוז.</ItemName>
      <ManufactureName>ביכורי הנגב מ.ד בעמ</ManufactureName>
      <ManufactureCountry />
      <ManufactureItemDescription />
      <UnitQty>י"ח</UnitQty>
      <Quantity>1</Quantity>
      <UnitMeasure />
      <BisWeighted>0</BisWeighted>
      <QtyInPackage>1</QtyInPackage>
      <ItemPrice>7.90</ItemPrice>
      <UnitOfMeasurePrice>7.90</UnitOfMeasurePrice>
      <AllowDiscount>0</AllowDiscount>
      <itemStatus>1</itemStatus>
      <LastUpdateDate />
      <LastUpdateTime />
    </Product>
    <Product>
      <PriceUpdateDate>2020/04/13 11:17</PriceUpdateDate>
      <ItemCode>690</ItemCode>
      <ItemType>0</ItemType>
      <ItemName>שומר</ItemName>
      <ManufactureName>ביכורי הנגב מ.ד בעמ</ManufactureName>
      <ManufactureCountry />
      <ManufactureItemDescription />
      <UnitQty>ק"ג</UnitQty>
      <Quantity>1</Quantity>
      <UnitMeasure>ק"ג</UnitMeasure>
      <BisWeighted>1</BisWeighted>
      <QtyInPackage>1</QtyInPackage>
      <ItemPrice>7.90</ItemPrice>
      <UnitOfMeasurePrice>7.90</UnitOfMeasurePrice>
      <AllowDiscount>0</AllowDiscount>
      <itemStatus>1</itemStatus>
      <LastUpdateDate />
      <LastUpdateTime />
    </Product>
    <Product>
      <PriceUpdateDate>2019/11/21 18:16</PriceUpdateDate>
      <ItemCode>693</ItemCode>
      <ItemType>0</ItemType>
      <ItemName>תירס בתפזורת</ItemName>
      <ManufactureName>ביכורי הנגב מ.ד בעמ</ManufactureName>
      <ManufactureCountry />
      <ManufactureItemDescription />
      <UnitQty>ק"ג</UnitQty>
      <Quantity>1</Quantity>
      <UnitMeasure />
      <BisWeighted>1</BisWeighted>
      <QtyInPackage>1</QtyInPackage>
      <ItemPrice>8.90</ItemPrice>
      <UnitOfMeasurePrice>8.90</UnitOfMeasurePrice>
      <AllowDiscount>0</AllowDiscount>
      <itemStatus>1</itemStatus>
      <LastUpdateDate />
      <LastUpdateTime />
    </Product>
    <Product>
      <PriceUpdateDate>2019/06/24 12:46</PriceUpdateDate>
      <ItemCode>698</ItemCode>
      <ItemType>0</ItemType>
      <ItemName>תירס קלחים טרי ארוז</ItemName>
      <ManufactureName>ביכורי הנגב מ.ד בעמ</ManufactureName>
      <ManufactureCountry />
      <ManufactureItemDescription />
      <UnitQty>ק"ג</UnitQty>
      <Quantity>1</Quantity>
      <UnitMeasure>ק"ג</UnitMeasure>
      <BisWeighted>1</BisWeighted>
      <QtyInPackage>1</QtyInPackage>
      <ItemPrice>8.90</ItemPrice>
      <UnitOfMeasurePrice>8.90</UnitOfMeasurePrice>
      <AllowDiscount>0</AllowDiscount>
      <itemStatus>1</itemStatus>
      <LastUpdateDate />
      <LastUpdateTime />
    </Product>
    <Product>
      <PriceUpdateDate>2020/04/22 09:09</PriceUpdateDate>
      <ItemCode>699</ItemCode>
      <ItemType>0</ItemType>
      <ItemName>תפוח אדמה אדום</ItemName>
      <ManufactureName>ביכורי הנגב מ.ד בעמ</ManufactureName>
      <ManufactureCountry />
      <ManufactureItemDescription />
      <UnitQty>ק"ג</UnitQty>
      <Quantity>1</Quantity>
      <UnitMeasure>ק"ג</UnitMeasure>
      <BisWeighted>1</BisWeighted>
      <QtyInPackage>1</QtyInPackage>
      <ItemPrice>5.90</ItemPrice>
      <UnitOfMeasurePrice>5.90</UnitOfMeasurePrice>
      <AllowDiscount>0</AllowDiscount>
      <itemStatus>1</itemStatus>
      <LastUpdateDate />
      <LastUpdateTime />
    </Product>
    <Product>
      <PriceUpdateDate>2020/04/28 15:15</PriceUpdateDate>
      <ItemCode>700</ItemCode>
      <ItemType>0</ItemType>
      <ItemName>תפוח אדמה לבן ארוז.</ItemName>
      <ManufactureName>ביכורי הנגב מ.ד בעמ</ManufactureName>
      <ManufactureCountry />
      <ManufactureItemDescription />
      <UnitQty>ק"ג</UnitQty>
      <Quantity>1</Quantity>
      <UnitMeasure>ק"ג</UnitMeasure>
      <BisWeighted>1</BisWeighted>
      <QtyInPackage>1</QtyInPackage>
      <ItemPrice>4.90</ItemPrice>
      <UnitOfMeasurePrice>4.90</UnitOfMeasurePrice>
      <AllowDiscount>0</AllowDiscount>
      <itemStatus>1</itemStatus>
      <LastUpdateDate />
      <LastUpdateTime />
    </Product>
    <Product>
      <PriceUpdateDate>2018/06/20 08:53</PriceUpdateDate>
      <ItemCode>702</ItemCode>
      <ItemType>0</ItemType>
      <ItemName>תפו"א לאפיה</ItemName>
      <ManufactureName>ביכורי הנגב מ.ד בעמ</ManufactureName>
      <ManufactureCountry />
      <ManufactureItemDescription />
      <UnitQty>ק"ג</UnitQty>
      <Quantity>1</Quantity>
      <UnitMeasure />
      <BisWeighted>1</BisWeighted>
      <QtyInPackage>1</QtyInPackage>
      <ItemPrice>3.90</ItemPrice>
      <UnitOfMeasurePrice>3.90</UnitOfMeasurePrice>
      <AllowDiscount>0</AllowDiscount>
      <itemStatus>1</itemStatus>
      <LastUpdateDate />
      <LastUpdateTime />
    </Product>
    <Product>
      <PriceUpdateDate>2020/04/27 13:36</PriceUpdateDate>
      <ItemCode>712</ItemCode>
      <ItemType>0</ItemType>
      <ItemName>חציל בלאדי</ItemName>
      <ManufactureName>ביכורי הנגב מ.ד בעמ</ManufactureName>
      <ManufactureCountry />
      <ManufactureItemDescription />
      <UnitQty>ק"ג</UnitQty>
      <Quantity>1</Quantity>
      <UnitMeasure />
      <BisWeighted>1</BisWeighted>
      <QtyInPackage>1</QtyInPackage>
      <ItemPrice>5.90</ItemPrice>
      <UnitOfMeasurePrice>5.90</UnitOfMeasurePrice>
      <AllowDiscount>0</AllowDiscount>
      <itemStatus>1</itemStatus>
      <LastUpdateDate />
      <LastUpdateTime />
    </Product>
    <Product>
      <PriceUpdateDate>2020/04/13 11:17</PriceUpdateDate>
      <ItemCode>716</ItemCode>
      <ItemType>0</ItemType>
      <ItemName>פלפל כתום</ItemName>
      <ManufactureName>ביכורי הנגב מ.ד בעמ</ManufactureName>
      <ManufactureCountry />
      <ManufactureItemDescription />
      <UnitQty>ק"ג</UnitQty>
      <Quantity>1</Quantity>
      <UnitMeasure>ק"ג</UnitMeasure>
      <BisWeighted>1</BisWeighted>
      <QtyInPackage>1</QtyInPackage>
      <ItemPrice>8.90</ItemPrice>
      <UnitOfMeasurePrice>8.90</UnitOfMeasurePrice>
      <AllowDiscount>0</AllowDiscount>
      <itemStatus>1</itemStatus>
      <LastUpdateDate />
      <LastUpdateTime />
    </Product>
    <Product>
      <PriceUpdateDate>2020/01/21 09:37</PriceUpdateDate>
      <ItemCode>723</ItemCode>
      <ItemType>0</ItemType>
      <ItemName>תפוח פינק ישראלי</ItemName>
      <ManufactureName>ביכורי הנגב מ.ד בעמ</ManufactureName>
      <ManufactureCountry />
      <ManufactureItemDescription />
      <UnitQty>ק"ג</UnitQty>
      <Quantity>1</Quantity>
      <UnitMeasure />
      <BisWeighted>1</BisWeighted>
      <QtyInPackage>1</QtyInPackage>
      <ItemPrice>19.90</ItemPrice>
      <UnitOfMeasurePrice>19.90</UnitOfMeasurePrice>
      <AllowDiscount>0</AllowDiscount>
      <itemStatus>1</itemStatus>
      <LastUpdateDate />
      <LastUpdateTime />
    </Product>
    <Product>
      <PriceUpdateDate>2017/11/01 16:12</PriceUpdateDate>
      <ItemCode>757</ItemCode>
      <ItemType>0</ItemType>
      <ItemName>עגבניה שרי תמר</ItemName>
      <ManufactureName>ביכורי הנגב מ.ד בעמ</ManufactureName>
      <ManufactureCountry />
      <ManufactureItemDescription />
      <UnitQty>ק"ג</UnitQty>
      <Quantity>1</Quantity>
      <UnitMeasure />
      <BisWeighted>1</BisWeighted>
      <QtyInPackage>1</QtyInPackage>
      <ItemPrice>16.90</ItemPrice>
      <UnitOfMeasurePrice>16.90</UnitOfMeasurePrice>
      <AllowDiscount>0</AllowDiscount>
      <itemStatus>1</itemStatus>
      <LastUpdateDate />
      <LastUpdateTime />
    </Product>
    <Product>
      <PriceUpdateDate>2020/04/28 08:15</PriceUpdateDate>
      <ItemCode>764</ItemCode>
      <ItemType>0</ItemType>
      <ItemName>ענבי טלי</ItemName>
      <ManufactureName>ביכורי הנגב מ.ד בעמ</ManufactureName>
      <ManufactureCountry />
      <ManufactureItemDescription />
      <UnitQty>ק"ג</UnitQty>
      <Quantity>1</Quantity>
      <UnitMeasure />
      <BisWeighted>1</BisWeighted>
      <QtyInPackage>1</QtyInPackage>
      <ItemPrice>39.90</ItemPrice>
      <UnitOfMeasurePrice>39.90</UnitOfMeasurePrice>
      <AllowDiscount>0</AllowDiscount>
      <itemStatus>1</itemStatus>
      <LastUpdateDate />
      <LastUpdateTime />
    </Product>
    <Product>
      <PriceUpdateDate>2020/02/19 02:07</PriceUpdateDate>
      <ItemCode>821</ItemCode>
      <ItemType>0</ItemType>
      <ItemName>תפוח פינק יבוא</ItemName>
      <ManufactureName>ביכורי הנגב מ.ד בעמ</ManufactureName>
      <ManufactureCountry />
      <ManufactureItemDescription />
      <UnitQty>ק"ג</UnitQty>
      <Quantity>1</Quantity>
      <UnitMeasure>ק"ג</UnitMeasure>
      <BisWeighted>1</BisWeighted>
      <QtyInPackage>1</QtyInPackage>
      <ItemPrice>19.90</ItemPrice>
      <UnitOfMeasurePrice>19.90</UnitOfMeasurePrice>
      <AllowDiscount>0</AllowDiscount>
      <itemStatus>1</itemStatus>
      <LastUpdateDate />
      <LastUpdateTime />
    </Product>
    <Product>
      <PriceUpdateDate>2017/02/05 15:44</PriceUpdateDate>
      <ItemCode>837</ItemCode>
      <ItemType>0</ItemType>
      <ItemName>אגס  תפוח(נאשי)</ItemName>
      <ManufactureName>ביכורי הנגב מ.ד בעמ</ManufactureName>
      <ManufactureCountry />
      <ManufactureItemDescription />
      <UnitQty>ק"ג</UnitQty>
      <Quantity>1</Quantity>
      <UnitMeasure />
      <BisWeighted>1</BisWeighted>
      <QtyInPackage>1</QtyInPackage>
      <ItemPrice>16.90</ItemPrice>
      <UnitOfMeasurePrice>16.90</UnitOfMeasurePrice>
      <AllowDiscount>0</AllowDiscount>
      <itemStatus>1</itemStatus>
      <LastUpdateDate />
      <LastUpdateTime />
    </Product>
    <Product>
      <PriceUpdateDate>2013/12/23 19:37</PriceUpdateDate>
      <ItemCode>868</ItemCode>
      <ItemType>0</ItemType>
      <ItemName>חצי בגט</ItemName>
      <ManufactureName>זוהר כבתי שיווק מוצרי מאפה</ManufactureName>
      <ManufactureCountry />
      <ManufactureItemDescription />
      <UnitQty>י"ח</UnitQty>
      <Quantity>1</Quantity>
      <UnitMeasure />
      <BisWeighted>0</BisWeighted>
      <QtyInPackage>1</QtyInPackage>
      <ItemPrice>3</ItemPrice>
      <UnitOfMeasurePrice>3</UnitOfMeasurePrice>
      <AllowDiscount>0</AllowDiscount>
      <itemStatus>1</itemStatus>
      <LastUpdateDate />
      <LastUpdateTime />
    </Product>
    <Product>
      <PriceUpdateDate>2018/07/09 10:19</PriceUpdateDate>
      <ItemCode>886</ItemCode>
      <ItemType>0</ItemType>
      <ItemName>עגבניה איתן ליקופן</ItemName>
      <ManufactureName>ביכורי הנגב מ.ד בעמ</ManufactureName>
      <ManufactureCountry />
      <ManufactureItemDescription />
      <UnitQty>י"ח</UnitQty>
      <Quantity>1</Quantity>
      <UnitMeasure />
      <BisWeighted>0</BisWeighted>
      <QtyInPackage>1</QtyInPackage>
      <ItemPrice>12.90</ItemPrice>
      <UnitOfMeasurePrice>12.90</UnitOfMeasurePrice>
      <AllowDiscount>0</AllowDiscount>
      <itemStatus>1</itemStatus>
      <LastUpdateDate />
      <LastUpdateTime />
    </Product>
    <Product>
      <PriceUpdateDate>2020/04/19 14:29</PriceUpdateDate>
      <ItemCode>898</ItemCode>
      <ItemType>0</ItemType>
      <ItemName>שסק שקיל</ItemName>
      <ManufactureName>ביכורי הנגב מ.ד בעמ</ManufactureName>
      <ManufactureCountry />
      <ManufactureItemDescription />
      <UnitQty>ק"ג</UnitQty>
      <Quantity>1</Quantity>
      <UnitMeasure />
      <BisWeighted>1</BisWeighted>
      <QtyInPackage>1</QtyInPackage>
      <ItemPrice>29.90</ItemPrice>
      <UnitOfMeasurePrice>29.90</UnitOfMeasurePrice>
      <AllowDiscount>0</AllowDiscount>
      <itemStatus>1</itemStatus>
      <LastUpdateDate />
      <LastUpdateTime />
    </Product>
    <Product>
      <PriceUpdateDate>2019/07/01 09:02</PriceUpdateDate>
      <ItemCode>978</ItemCode>
      <ItemType>0</ItemType>
      <ItemName>חסה</ItemName>
      <ManufactureName>ביכורי הנגב מ.ד בעמ</ManufactureName>
      <ManufactureCountry />
      <ManufactureItemDescription />
      <UnitQty>י"ח</UnitQty>
      <Quantity>1</Quantity>
      <UnitMeasure />
      <BisWeighted>0</BisWeighted>
      <QtyInPackage>1</QtyInPackage>
      <ItemPrice>6.90</ItemPrice>
      <UnitOfMeasurePrice>6.90</UnitOfMeasurePrice>
      <AllowDiscount>0</AllowDiscount>
      <itemStatus>1</itemStatus>
      <LastUpdateDate />
      <LastUpdateTime />
    </Product>
    <Product>
      <PriceUpdateDate>2018/11/29 10:39</PriceUpdateDate>
      <ItemCode>1616</ItemCode>
      <ItemType>0</ItemType>
      <ItemName>כוסברה</ItemName>
      <ManufactureName>ביכורי הנגב מ.ד בעמ</ManufactureName>
      <ManufactureCountry />
      <ManufactureItemDescription />
      <UnitQty>י"ח</UnitQty>
      <Quantity>1</Quantity>
      <UnitMeasure />
      <BisWeighted>0</BisWeighted>
      <QtyInPackage>1</QtyInPackage>
      <ItemPrice>5.90</ItemPrice>
      <UnitOfMeasurePrice>5.90</UnitOfMeasurePrice>
      <AllowDiscount>1</AllowDiscount>
      <itemStatus>1</itemStatus>
      <LastUpdateDate />
      <LastUpdateTime />
    </Product>
    <Product>
      <PriceUpdateDate>2019/08/05 11:30</PriceUpdateDate>
      <ItemCode>7290103152963</ItemCode>
      <ItemType>1</ItemType>
      <ItemName>תבנית מלבנית R64L בודדת</ItemName>
      <ManufactureName>פאלאס תעשיות נטו (2014) בעמ</ManufactureName>
      <ManufactureCountry />
      <ManufactureItemDescription />
      <UnitQty>י"ח</UnitQty>
      <Quantity>1</Quantity>
      <UnitMeasure />
      <BisWeighted>0</BisWeighted>
      <QtyInPackage>1</QtyInPackage>
      <ItemPrice>2</ItemPrice>
      <UnitOfMeasurePrice>2</UnitOfMeasurePrice>
      <AllowDiscount>1</AllowDiscount>
      <itemStatus>1</itemStatus>
      <LastUpdateDate />
      <LastUpdateTime />
    </Product>
    <Product>
      <PriceUpdateDate>2017/07/26 17:01</PriceUpdateDate>
      <ItemCode>2065</ItemCode>
      <ItemType>0</ItemType>
      <ItemName>צלי כתף  טרי/מצונן**</ItemName>
      <ManufactureName>ח.י. מעדני גורמה בעמ</ManufactureName>
      <ManufactureCountry />
      <ManufactureItemDescription />
      <UnitQty>ק"ג</UnitQty>
      <Quantity>1</Quantity>
      <UnitMeasure />
      <BisWeighted>1</BisWeighted>
      <QtyInPackage>1</QtyInPackage>
      <ItemPrice>94.90</ItemPrice>
      <UnitOfMeasurePrice>94.90</UnitOfMeasurePrice>
      <AllowDiscount>0</AllowDiscount>
      <itemStatus>1</itemStatus>
      <LastUpdateDate />
      <LastUpdateTime />
    </Product>
    <Product>
      <PriceUpdateDate>2019/12/01 14:07</PriceUpdateDate>
      <ItemCode>2067</ItemCode>
      <ItemType>0</ItemType>
      <ItemName>אוסובוקו  טרי**</ItemName>
      <ManufactureName>ח.י. מעדני גורמה בעמ</ManufactureName>
      <ManufactureCountry />
      <ManufactureItemDescription />
      <UnitQty>ק"ג</UnitQty>
      <Quantity>1</Quantity>
      <UnitMeasure />
      <BisWeighted>1</BisWeighted>
      <QtyInPackage>1</QtyInPackage>
      <ItemPrice>69.90</ItemPrice>
      <UnitOfMeasurePrice>69.90</UnitOfMeasurePrice>
      <AllowDiscount>1</AllowDiscount>
      <itemStatus>1</itemStatus>
      <LastUpdateDate />
      <LastUpdateTime />
    </Product>
    <Product>
      <PriceUpdateDate>2019/11/21 18:16</PriceUpdateDate>
      <ItemCode>2068</ItemCode>
      <ItemType>0</ItemType>
      <ItemName>שריר  טרי/מצונן**</ItemName>
      <ManufactureName>ח.י. מעדני גורמה בעמ</ManufactureName>
      <ManufactureCountry />
      <ManufactureItemDescription />
      <UnitQty>ק"ג</UnitQty>
      <Quantity>1</Quantity>
      <UnitMeasure>ק"ג</UnitMeasure>
      <BisWeighted>1</BisWeighted>
      <QtyInPackage>1</QtyInPackage>
      <ItemPrice>79.90</ItemPrice>
      <UnitOfMeasurePrice>79.90</UnitOfMeasurePrice>
      <AllowDiscount>1</AllowDiscount>
      <itemStatus>1</itemStatus>
      <LastUpdateDate />
      <LastUpdateTime />
    </Product>
    <Product>
      <PriceUpdateDate>2017/07/26 17:02</PriceUpdateDate>
      <ItemCode>2069</ItemCode>
      <ItemType>0</ItemType>
      <ItemName>צוואר טרי /מצונן  חלק**</ItemName>
      <ManufactureName>ח.י. מעדני גורמה בעמ</ManufactureName>
      <ManufactureCountry />
      <ManufactureItemDescription />
      <UnitQty>ק"ג</UnitQty>
      <Quantity>1</Quantity>
      <UnitMeasure>ק"ג</UnitMeasure>
      <BisWeighted>1</BisWeighted>
      <QtyInPackage>1</QtyInPackage>
      <ItemPrice>59.90</ItemPrice>
      <UnitOfMeasurePrice>59.90</UnitOfMeasurePrice>
      <AllowDiscount>1</AllowDiscount>
      <itemStatus>1</itemStatus>
      <LastUpdateDate />
      <LastUpdateTime />
    </Product>
    <Product>
      <PriceUpdateDate>2019/08/05 11:30</PriceUpdateDate>
      <ItemCode>7290103152987</ItemCode>
      <ItemType>1</ItemType>
      <ItemName>תבנית אינגליש בודדת R88</ItemName>
      <ManufactureName>פאלאס תעשיות נטו (2014) בעמ</ManufactureName>
      <ManufactureCountry />
      <ManufactureItemDescription />
      <UnitQty>י"ח</UnitQty>
      <Quantity>1</Quantity>
      <UnitMeasure />
      <BisWeighted>0</BisWeighted>
      <QtyInPackage>1</QtyInPackage>
      <ItemPrice>1</ItemPrice>
      <UnitOfMeasurePrice>1</UnitOfMeasurePrice>
      <AllowDiscount>1</AllowDiscount>
      <itemStatus>1</itemStatus>
      <LastUpdateDate />
      <LastUpdateTime />
    </Product>
    <Product>
      <PriceUpdateDate>2019/08/05 11:30</PriceUpdateDate>
      <ItemCode>7290103152932</ItemCode>
      <ItemType>1</ItemType>
      <ItemName>תבנית  ענק בודד</ItemName>
      <ManufactureName>פאלאס תעשיות נטו (2014) בעמ</ManufactureName>
      <ManufactureCountry />
      <ManufactureItemDescription />
      <UnitQty>י"ח</UnitQty>
      <Quantity>1</Quantity>
      <UnitMeasure>י"ח</UnitMeasure>
      <BisWeighted>0</BisWeighted>
      <QtyInPackage>1</QtyInPackage>
      <ItemPrice>2.30</ItemPrice>
      <UnitOfMeasurePrice>2.30</UnitOfMeasurePrice>
      <AllowDiscount>1</AllowDiscount>
      <itemStatus>1</itemStatus>
      <LastUpdateDate />
      <LastUpdateTime />
    </Product>
    <Product>
      <PriceUpdateDate>2019/09/04 16:12</PriceUpdateDate>
      <ItemCode>3416</ItemCode>
      <ItemType>0</ItemType>
      <ItemName>קוקטייל עוף טרי מקוצב</ItemName>
      <ManufactureName>ח.י. מעדני גורמה בעמ</ManufactureName>
      <ManufactureCountry />
      <ManufactureItemDescription />
      <UnitQty>ק"ג</UnitQty>
      <Quantity>1</Quantity>
      <UnitMeasure />
      <BisWeighted>1</BisWeighted>
      <QtyInPackage>1</QtyInPackage>
      <ItemPrice>42.90</ItemPrice>
      <UnitOfMeasurePrice>42.90</UnitOfMeasurePrice>
      <AllowDiscount>1</AllowDiscount>
      <itemStatus>1</itemStatus>
      <LastUpdateDate />
      <LastUpdateTime />
    </Product>
    <Product>
      <PriceUpdateDate>2019/11/28 14:55</PriceUpdateDate>
      <ItemCode>5053</ItemCode>
      <ItemType>0</ItemType>
      <ItemName>צלי כתף כשר טרי/מצונן**</ItemName>
      <ManufactureName>ח.י. מעדני גורמה בעמ</ManufactureName>
      <ManufactureCountry />
      <ManufactureItemDescription />
      <UnitQty>ק"ג</UnitQty>
      <Quantity>1</Quantity>
      <UnitMeasure />
      <BisWeighted>1</BisWeighted>
      <QtyInPackage>1</QtyInPackage>
      <ItemPrice>94.90</ItemPrice>
      <UnitOfMeasurePrice>94.90</UnitOfMeasurePrice>
      <AllowDiscount>0</AllowDiscount>
      <itemStatus>1</itemStatus>
      <LastUpdateDate />
      <LastUpdateTime />
    </Product>
    <Product>
      <PriceUpdateDate>2013/12/19 17:42</PriceUpdateDate>
      <ItemCode>5858</ItemCode>
      <ItemType>0</ItemType>
      <ItemName>נוגט חלבי חלב נוכרי</ItemName>
      <ManufactureName>השחר העולה תעשית ממתקים</ManufactureName>
      <ManufactureCountry />
      <ManufactureItemDescription />
      <UnitQty>ק"ג</UnitQty>
      <Quantity>1</Quantity>
      <UnitMeasure>ק"ג</UnitMeasure>
      <BisWeighted>1</BisWeighted>
      <QtyInPackage>1</QtyInPackage>
      <ItemPrice>49.90</ItemPrice>
      <UnitOfMeasurePrice>49.90</UnitOfMeasurePrice>
      <AllowDiscount>0</AllowDiscount>
      <itemStatus>1</itemStatus>
      <LastUpdateDate />
      <LastUpdateTime />
    </Product>
    <Product>
      <PriceUpdateDate>2008/11/30 23:25</PriceUpdateDate>
      <ItemCode>6000</ItemCode>
      <ItemType>0</ItemType>
      <ItemName>עמלת טיפול משפט 113 ש"ח</ItemName>
      <ManufactureName>שונות /שרות</ManufactureName>
      <ManufactureCountry />
      <ManufactureItemDescription />
      <UnitQty>י"ח</UnitQty>
      <Quantity>1</Quantity>
      <UnitMeasure />
      <BisWeighted>0</BisWeighted>
      <QtyInPackage>1</QtyInPackage>
      <ItemPrice>113</ItemPrice>
      <UnitOfMeasurePrice>113</UnitOfMeasurePrice>
      <AllowDiscount>0</AllowDiscount>
      <itemStatus>1</itemStatus>
      <LastUpdateDate />
      <LastUpdateTime />
    </Product>
    <Product>
      <PriceUpdateDate>2008/11/30 23:25</PriceUpdateDate>
      <ItemCode>6005</ItemCode>
      <ItemType>0</ItemType>
      <ItemName>עמלת חלקית 5ש"ח</ItemName>
      <ManufactureName>שונות /שרות</ManufactureName>
      <ManufactureCountry />
      <ManufactureItemDescription />
      <UnitQty>י"ח</UnitQty>
      <Quantity>1</Quantity>
      <UnitMeasure />
      <BisWeighted>0</BisWeighted>
      <QtyInPackage>1</QtyInPackage>
      <ItemPrice>5</ItemPrice>
      <UnitOfMeasurePrice>5</UnitOfMeasurePrice>
      <AllowDiscount>0</AllowDiscount>
      <itemStatus>1</itemStatus>
      <LastUpdateDate />
      <LastUpdateTime />
    </Product>
    <Product>
      <PriceUpdateDate>2017/08/28 10:29</PriceUpdateDate>
      <ItemCode>6661</ItemCode>
      <ItemType>0</ItemType>
      <ItemName>סלסלה לחג</ItemName>
      <ManufactureName>שונות /שרות</ManufactureName>
      <ManufactureCountry />
      <ManufactureItemDescription />
      <UnitQty>י"ח</UnitQty>
      <Quantity>1</Quantity>
      <UnitMeasure />
      <BisWeighted>0</BisWeighted>
      <QtyInPackage>1</QtyInPackage>
      <ItemPrice>80</ItemPrice>
      <UnitOfMeasurePrice>80</UnitOfMeasurePrice>
      <AllowDiscount>0</AllowDiscount>
      <itemStatus>1</itemStatus>
      <LastUpdateDate />
      <LastUpdateTime />
    </Product>
    <Product>
      <PriceUpdateDate>2016/12/01 15:27</PriceUpdateDate>
      <ItemCode>7290003127597</ItemCode>
      <ItemType>1</ItemType>
      <ItemName>שקית שרות קופה גופיה</ItemName>
      <ManufactureName>שונות /שרות</ManufactureName>
      <ManufactureCountry />
      <ManufactureItemDescription />
      <UnitQty>י"ח</UnitQty>
      <Quantity>1</Quantity>
      <UnitMeasure />
      <BisWeighted>0</BisWeighted>
      <QtyInPackage>1</QtyInPackage>
      <ItemPrice>0.10</ItemPrice>
      <UnitOfMeasurePrice>0.10</UnitOfMeasurePrice>
      <AllowDiscount>0</AllowDiscount>
      <itemStatus>1</itemStatus>
      <LastUpdateDate />
      <LastUpdateTime />
    </Product>
    <Product>
      <PriceUpdateDate>2020/04/06 19:36</PriceUpdateDate>
      <ItemCode>8997</ItemCode>
      <ItemType>0</ItemType>
      <ItemName>מסכה KN95.</ItemName>
      <ManufactureName>עורב מסחר ושרותים בעמ</ManufactureName>
      <ManufactureCountry />
      <ManufactureItemDescription />
      <UnitQty>י"ח</UnitQty>
      <Quantity>1</Quantity>
      <UnitMeasure />
      <BisWeighted>0</BisWeighted>
      <QtyInPackage>1</QtyInPackage>
      <ItemPrice>19.90</ItemPrice>
      <UnitOfMeasurePrice>19.90</UnitOfMeasurePrice>
      <AllowDiscount>0</AllowDiscount>
      <itemStatus>1</itemStatus>
      <LastUpdateDate />
      <LastUpdateTime />
    </Product>
    <Product>
      <PriceUpdateDate>2014/01/16 18:01</PriceUpdateDate>
      <ItemCode>12345</ItemCode>
      <ItemType>0</ItemType>
      <ItemName>מכולת</ItemName>
      <ManufactureName>שונות /שרות</ManufactureName>
      <ManufactureCountry />
      <ManufactureItemDescription />
      <UnitQty>י"ח</UnitQty>
      <Quantity>250</Quantity>
      <UnitMeasure>ל  גרם</UnitMeasure>
      <BisWeighted>0</BisWeighted>
      <QtyInPackage>1</QtyInPackage>
      <ItemPrice>0.10</ItemPrice>
      <UnitOfMeasurePrice>0.04</UnitOfMeasurePrice>
      <AllowDiscount>0</AllowDiscount>
      <itemStatus>1</itemStatus>
      <LastUpdateDate />
      <LastUpdateTime />
    </Product>
    <Product>
      <PriceUpdateDate>2020/04/30 10:42</PriceUpdateDate>
      <ItemCode>18163</ItemCode>
      <ItemType>0</ItemType>
      <ItemName>קישואים</ItemName>
      <ManufactureName>פלאפל הגשר מרכז</ManufactureName>
      <ManufactureCountry />
      <ManufactureItemDescription />
      <UnitQty>ק"ג</UnitQty>
      <Quantity>0</Quantity>
      <UnitMeasure>ק"ג</UnitMeasure>
      <BisWeighted>1</BisWeighted>
      <QtyInPackage>1</QtyInPackage>
      <ItemPrice>7.90</ItemPrice>
      <UnitOfMeasurePrice>7.90</UnitOfMeasurePrice>
      <AllowDiscount>0</AllowDiscount>
      <itemStatus>1</itemStatus>
      <LastUpdateDate />
      <LastUpdateTime />
    </Product>
    <Product>
      <PriceUpdateDate>2020/01/21 10:22</PriceUpdateDate>
      <ItemCode>18282</ItemCode>
      <ItemType>0</ItemType>
      <ItemName>לחם בית</ItemName>
      <ManufactureName>בית הבאגט כהן בעמ</ManufactureName>
      <ManufactureCountry />
      <ManufactureItemDescription />
      <UnitQty>י"ח</UnitQty>
      <Quantity>0</Quantity>
      <UnitMeasure>י"ח</UnitMeasure>
      <BisWeighted>0</BisWeighted>
      <QtyInPackage>1</QtyInPackage>
      <ItemPrice>6.80</ItemPrice>
      <UnitOfMeasurePrice>6.80</UnitOfMeasurePrice>
      <AllowDiscount>0</AllowDiscount>
      <itemStatus>1</itemStatus>
      <LastUpdateDate />
      <LastUpdateTime />
    </Product>
    <Product>
      <PriceUpdateDate>2020/01/21 10:22</PriceUpdateDate>
      <ItemCode>18283</ItemCode>
      <ItemType>0</ItemType>
      <ItemName>חלה ארוכה</ItemName>
      <ManufactureName>בית הבאגט כהן בעמ</ManufactureName>
      <ManufactureCountry />
      <ManufactureItemDescription />
      <UnitQty>י"ח</UnitQty>
      <Quantity>0</Quantity>
      <UnitMeasure>י"ח</UnitMeasure>
      <BisWeighted>0</BisWeighted>
      <QtyInPackage>1</QtyInPackage>
      <ItemPrice>7.30</ItemPrice>
      <UnitOfMeasurePrice>7.30</UnitOfMeasurePrice>
      <AllowDiscount>0</AllowDiscount>
      <itemStatus>1</itemStatus>
      <LastUpdateDate />
      <LastUpdateTime />
    </Product>
    <Product>
      <PriceUpdateDate>2020/01/21 10:22</PriceUpdateDate>
      <ItemCode>18285</ItemCode>
      <ItemType>0</ItemType>
      <ItemName>לחמניה קלועה</ItemName>
      <ManufactureName>בית הבאגט כהן בעמ</ManufactureName>
      <ManufactureCountry />
      <ManufactureItemDescription />
      <UnitQty>י"ח</UnitQty>
      <Quantity>0</Quantity>
      <UnitMeasure>י"ח</UnitMeasure>
      <BisWeighted>0</BisWeighted>
      <QtyInPackage>1</QtyInPackage>
      <ItemPrice>2.30</ItemPrice>
      <UnitOfMeasurePrice>2.30</UnitOfMeasurePrice>
      <AllowDiscount>0</AllowDiscount>
      <itemStatus>1</itemStatus>
      <LastUpdateDate />
      <LastUpdateTime />
    </Product>
    <Product>
      <PriceUpdateDate>2017/03/29 16:12</PriceUpdateDate>
      <ItemCode>23953</ItemCode>
      <ItemType>0</ItemType>
      <ItemName>קלאסיק ברקן פטיט סירה</ItemName>
      <ManufactureName>טמפו משקאות בעמ</ManufactureName>
      <ManufactureCountry />
      <ManufactureItemDescription />
      <UnitQty>י"ח</UnitQty>
      <Quantity>750</Quantity>
      <UnitMeasure>ל  מ"ל</UnitMeasure>
      <BisWeighted>0</BisWeighted>
      <QtyInPackage>1</QtyInPackage>
      <ItemPrice>29.90</ItemPrice>
      <UnitOfMeasurePrice>3.95</UnitOfMeasurePrice>
      <AllowDiscount>1</AllowDiscount>
      <itemStatus>1</itemStatus>
      <LastUpdateDate />
      <LastUpdateTime />
    </Product>
    <Product>
      <PriceUpdateDate>2017/03/29 16:12</PriceUpdateDate>
      <ItemCode>23960</ItemCode>
      <ItemType>0</ItemType>
      <ItemName>קלאסיק ברקן שיראז קלאסיק</ItemName>
      <ManufactureName>טמפו משקאות בעמ</ManufactureName>
      <ManufactureCountry />
      <ManufactureItemDescription />
      <UnitQty>י"ח</UnitQty>
      <Quantity>750</Quantity>
      <UnitMeasure>ל  מ"ל</UnitMeasure>
      <BisWeighted>0</BisWeighted>
      <QtyInPackage>1</QtyInPackage>
      <ItemPrice>29.90</ItemPrice>
      <UnitOfMeasurePrice>3.95</UnitOfMeasurePrice>
      <AllowDiscount>1</AllowDiscount>
      <itemStatus>1</itemStatus>
      <LastUpdateDate />
      <LastUpdateTime />
    </Product>
    <Product>
      <PriceUpdateDate>2017/03/31 10:50</PriceUpdateDate>
      <ItemCode>23977</ItemCode>
      <ItemType>0</ItemType>
      <ItemName>יין קלאסיק מרלו ברקן.</ItemName>
      <ManufactureName>טמפו משקאות בעמ</ManufactureName>
      <ManufactureCountry />
      <ManufactureItemDescription />
      <UnitQty>י"ח</UnitQty>
      <Quantity>750</Quantity>
      <UnitMeasure>ל  מ"ל</UnitMeasure>
      <BisWeighted>0</BisWeighted>
      <QtyInPackage>1</QtyInPackage>
      <ItemPrice>29.90</ItemPrice>
      <UnitOfMeasurePrice>3.95</UnitOfMeasurePrice>
      <AllowDiscount>1</AllowDiscount>
      <itemStatus>1</itemStatus>
      <LastUpdateDate />
      <LastUpdateTime />
    </Product>
    <Product>
      <PriceUpdateDate>2017/03/29 16:01</PriceUpdateDate>
      <ItemCode>24202</ItemCode>
      <ItemType>0</ItemType>
      <ItemName>רזרב  קברנה סובניון ברקן</ItemName>
      <ManufactureName>טמפו משקאות בעמ</ManufactureName>
      <ManufactureCountry />
      <ManufactureItemDescription />
      <UnitQty>י"ח</UnitQty>
      <Quantity>750</Quantity>
      <UnitMeasure>ל  מ"ל</UnitMeasure>
      <BisWeighted>0</BisWeighted>
      <QtyInPackage>1</QtyInPackage>
      <ItemPrice>47.90</ItemPrice>
      <UnitOfMeasurePrice>6.35</UnitOfMeasurePrice>
      <AllowDiscount>1</AllowDiscount>
      <itemStatus>1</itemStatus>
      <LastUpdateDate />
      <LastUpdateTime />
    </Product>
    <Product>
      <PriceUpdateDate>2016/07/28 11:33</PriceUpdateDate>
      <ItemCode>7290000034256</ItemCode>
      <ItemType>1</ItemType>
      <ItemName>עוגיות הדר תירוש 175ג</ItemName>
      <ManufactureName>רזיט שיווק בעמ</ManufactureName>
      <ManufactureCountry />
      <ManufactureItemDescription />
      <UnitQty />
      <Quantity>175</Quantity>
      <UnitMeasure>ל  גרם</UnitMeasure>
      <BisWeighted>0</BisWeighted>
      <QtyInPackage>1</QtyInPackage>
      <ItemPrice>5.90</ItemPrice>
      <UnitOfMeasurePrice>3.37</UnitOfMeasurePrice>
      <AllowDiscount>0</AllowDiscount>
      <itemStatus>1</itemStatus>
      <LastUpdateDate />
      <LastUpdateTime />
    </Product>
    <Product>
      <PriceUpdateDate>2020/01/02 12:29</PriceUpdateDate>
      <ItemCode>7290000040042</ItemCode>
      <ItemType>1</ItemType>
      <ItemName>יופלה תות 3%</ItemName>
      <ManufactureName>תנובה בעמ ***</ManufactureName>
      <ManufactureCountry />
      <ManufactureItemDescription />
      <UnitQty>י"ח</UnitQty>
      <Quantity>150</Quantity>
      <UnitMeasure>ל  מ"ל</UnitMeasure>
      <BisWeighted>0</BisWeighted>
      <QtyInPackage>1</QtyInPackage>
      <ItemPrice>4.80</ItemPrice>
      <UnitOfMeasurePrice>3.20</UnitOfMeasurePrice>
      <AllowDiscount>0</AllowDiscount>
      <itemStatus>1</itemStatus>
      <LastUpdateDate />
      <LastUpdateTime />
    </Product>
    <Product>
      <PriceUpdateDate>2020/01/02 12:29</PriceUpdateDate>
      <ItemCode>7290000040066</ItemCode>
      <ItemType>1</ItemType>
      <ItemName>יופלה דובדבן</ItemName>
      <ManufactureName>תנובה בעמ ***</ManufactureName>
      <ManufactureCountry />
      <ManufactureItemDescription />
      <UnitQty>י"ח</UnitQty>
      <Quantity>150</Quantity>
      <UnitMeasure>ל  מ"ל</UnitMeasure>
      <BisWeighted>0</BisWeighted>
      <QtyInPackage>1</QtyInPackage>
      <ItemPrice>4.80</ItemPrice>
      <UnitOfMeasurePrice>3.20</UnitOfMeasurePrice>
      <AllowDiscount>0</AllowDiscount>
      <itemStatus>1</itemStatus>
      <LastUpdateDate />
      <LastUpdateTime />
    </Product>
    <Product>
      <PriceUpdateDate>2020/01/02 12:29</PriceUpdateDate>
      <ItemCode>7290000040301</ItemCode>
      <ItemType>1</ItemType>
      <ItemName>קממבר 125   ג`תנובה</ItemName>
      <ManufactureName>תנובה בעמ ***</ManufactureName>
      <ManufactureCountry />
      <ManufactureItemDescription />
      <UnitQty>י"ח</UnitQty>
      <Quantity>125</Quantity>
      <UnitMeasure>ל  גרם</UnitMeasure>
      <BisWeighted>0</BisWeighted>
      <QtyInPackage>1</QtyInPackage>
      <ItemPrice>17.90</ItemPrice>
      <UnitOfMeasurePrice>14.32</UnitOfMeasurePrice>
      <AllowDiscount>0</AllowDiscount>
      <itemStatus>1</itemStatus>
      <LastUpdateDate />
      <LastUpdateTime />
    </Product>
    <Product>
      <PriceUpdateDate>2020/01/02 12:29</PriceUpdateDate>
      <ItemCode>7290000040318</ItemCode>
      <ItemType>1</ItemType>
      <ItemName>ברי ישראלי תנובה</ItemName>
      <ManufactureName>תנובה בעמ ***</ManufactureName>
      <ManufactureCountry />
      <ManufactureItemDescription />
      <UnitQty>י"ח</UnitQty>
      <Quantity>1</Quantity>
      <UnitMeasure />
      <BisWeighted>0</BisWeighted>
      <QtyInPackage>1</QtyInPackage>
      <ItemPrice>18.90</ItemPrice>
      <UnitOfMeasurePrice>18.90</UnitOfMeasurePrice>
      <AllowDiscount>0</AllowDiscount>
      <itemStatus>1</itemStatus>
      <LastUpdateDate />
      <LastUpdateTime />
    </Product>
    <Product>
      <PriceUpdateDate>2019/12/01 09:46</PriceUpdateDate>
      <ItemCode>41012</ItemCode>
      <ItemType>0</ItemType>
      <ItemName>שניצל עגל  טרי/מצונן**</ItemName>
      <ManufactureName>ח.י. מעדני גורמה בעמ</ManufactureName>
      <ManufactureCountry />
      <ManufactureItemDescription />
      <UnitQty>ק"ג</UnitQty>
      <Quantity>1</Quantity>
      <UnitMeasure />
      <BisWeighted>1</BisWeighted>
      <QtyInPackage>1</QtyInPackage>
      <ItemPrice>74.90</ItemPrice>
      <UnitOfMeasurePrice>74.90</UnitOfMeasurePrice>
      <AllowDiscount>0</AllowDiscount>
      <itemStatus>1</itemStatus>
      <LastUpdateDate />
      <LastUpdateTime />
    </Product>
    <Product>
      <PriceUpdateDate>2020/03/22 13:45</PriceUpdateDate>
      <ItemCode>41212</ItemCode>
      <ItemType>0</ItemType>
      <ItemName>סטייק פרגיות  עוף טרי**</ItemName>
      <ManufactureName>ח.י. מעדני גורמה בעמ</ManufactureName>
      <ManufactureCountry />
      <ManufactureItemDescription />
      <UnitQty>ק"ג</UnitQty>
      <Quantity>1</Quantity>
      <UnitMeasure />
      <BisWeighted>1</BisWeighted>
      <QtyInPackage>1</QtyInPackage>
      <ItemPrice>69.90</ItemPrice>
      <UnitOfMeasurePrice>69.90</UnitOfMeasurePrice>
      <AllowDiscount>1</AllowDiscount>
      <itemStatus>1</itemStatus>
      <LastUpdateDate />
      <LastUpdateTime />
    </Product>
    <Product>
      <PriceUpdateDate>2013/12/27 10:12</PriceUpdateDate>
      <ItemCode>41230</ItemCode>
      <ItemType>0</ItemType>
      <ItemName>הודו טחון  טרי**</ItemName>
      <ManufactureName>ח.י. מעדני גורמה בעמ</ManufactureName>
      <ManufactureCountry />
      <ManufactureItemDescription />
      <UnitQty>ק"ג</UnitQty>
      <Quantity>1</Quantity>
      <UnitMeasure />
      <BisWeighted>1</BisWeighted>
      <QtyInPackage>1</QtyInPackage>
      <ItemPrice>34.90</ItemPrice>
      <UnitOfMeasurePrice>34.90</UnitOfMeasurePrice>
      <AllowDiscount>0</AllowDiscount>
      <itemStatus>1</itemStatus>
      <LastUpdateDate />
      <LastUpdateTime />
    </Product>
    <Product>
      <PriceUpdateDate>2019/11/28 13:09</PriceUpdateDate>
      <ItemCode>41268</ItemCode>
      <ItemType>0</ItemType>
      <ItemName>אסאדו עם עצם טרי**</ItemName>
      <ManufactureName>ח.י. מעדני גורמה בעמ</ManufactureName>
      <ManufactureCountry />
      <ManufactureItemDescription />
      <UnitQty>ק"ג</UnitQty>
      <Quantity>1</Quantity>
      <UnitMeasure />
      <BisWeighted>1</BisWeighted>
      <QtyInPackage>1</QtyInPackage>
      <ItemPrice>64.90</ItemPrice>
      <UnitOfMeasurePrice>64.90</UnitOfMeasurePrice>
      <AllowDiscount>1</AllowDiscount>
      <itemStatus>1</itemStatus>
      <LastUpdateDate />
      <LastUpdateTime />
    </Product>
    <Product>
      <PriceUpdateDate>2018/09/06 11:15</PriceUpdateDate>
      <ItemCode>41271</ItemCode>
      <ItemType>0</ItemType>
      <ItemName>אנטריקוט טרי/מצונן**</ItemName>
      <ManufactureName>ח.י. מעדני גורמה בעמ</ManufactureName>
      <ManufactureCountry />
      <ManufactureItemDescription />
      <UnitQty>ק"ג</UnitQty>
      <Quantity>1</Quantity>
      <UnitMeasure />
      <BisWeighted>1</BisWeighted>
      <QtyInPackage>1</QtyInPackage>
      <ItemPrice>148.80</ItemPrice>
      <UnitOfMeasurePrice>148.80</UnitOfMeasurePrice>
      <AllowDiscount>1</AllowDiscount>
      <itemStatus>1</itemStatus>
      <LastUpdateDate />
      <LastUpdateTime />
    </Product>
    <Product>
      <PriceUpdateDate>2019/10/08 07:44</PriceUpdateDate>
      <ItemCode>41323</ItemCode>
      <ItemType>0</ItemType>
      <ItemName>סטייק אנטריקוט מעובד מופשר**.</ItemName>
      <ManufactureName>ח.י. מעדני גורמה בעמ</ManufactureName>
      <ManufactureCountry />
      <ManufactureItemDescription />
      <UnitQty>ק"ג</UnitQty>
      <Quantity>1</Quantity>
      <UnitMeasure />
      <BisWeighted>1</BisWeighted>
      <QtyInPackage>1</QtyInPackage>
      <ItemPrice>99</ItemPrice>
      <UnitOfMeasurePrice>99</UnitOfMeasurePrice>
      <AllowDiscount>1</AllowDiscount>
      <itemStatus>1</itemStatus>
      <LastUpdateDate />
      <LastUpdateTime />
    </Product>
    <Product>
      <PriceUpdateDate>2019/12/01 09:46</PriceUpdateDate>
      <ItemCode>41362</ItemCode>
      <ItemType>0</ItemType>
      <ItemName>צלעות בקר טרי/מצונן **</ItemName>
      <ManufactureName>ח.י. מעדני גורמה בעמ</ManufactureName>
      <ManufactureCountry />
      <ManufactureItemDescription />
      <UnitQty>ק"ג</UnitQty>
      <Quantity>1</Quantity>
      <UnitMeasure />
      <BisWeighted>1</BisWeighted>
      <QtyInPackage>1</QtyInPackage>
      <ItemPrice>69.90</ItemPrice>
      <UnitOfMeasurePrice>69.90</UnitOfMeasurePrice>
      <AllowDiscount>0</AllowDiscount>
      <itemStatus>1</itemStatus>
      <LastUpdateDate />
      <LastUpdateTime />
    </Product>
    <Product>
      <PriceUpdateDate>2019/11/28 14:55</PriceUpdateDate>
      <ItemCode>41390</ItemCode>
      <ItemType>0</ItemType>
      <ItemName>חזה בקר   טרי***עם עצם</ItemName>
      <ManufactureName>ח.י. מעדני גורמה בעמ</ManufactureName>
      <ManufactureCountry />
      <ManufactureItemDescription />
      <UnitQty>ק"ג</UnitQty>
      <Quantity>1</Quantity>
      <UnitMeasure />
      <BisWeighted>1</BisWeighted>
      <QtyInPackage>1</QtyInPackage>
      <ItemPrice>59.90</ItemPrice>
      <UnitOfMeasurePrice>59.90</UnitOfMeasurePrice>
      <AllowDiscount>1</AllowDiscount>
      <itemStatus>1</itemStatus>
      <LastUpdateDate />
      <LastUpdateTime />
    </Product>
    <Product>
      <PriceUpdateDate>2019/11/28 10:57</PriceUpdateDate>
      <ItemCode>41414</ItemCode>
      <ItemType>0</ItemType>
      <ItemName>אונטריף טרי/מצונן**</ItemName>
      <ManufactureName>ח.י. מעדני גורמה בעמ</ManufactureName>
      <ManufactureCountry />
      <ManufactureItemDescription />
      <UnitQty>ק"ג</UnitQty>
      <Quantity>1</Quantity>
      <UnitMeasure />
      <BisWeighted>1</BisWeighted>
      <QtyInPackage>1</QtyInPackage>
      <ItemPrice>84.90</ItemPrice>
      <UnitOfMeasurePrice>84.90</UnitOfMeasurePrice>
      <AllowDiscount>1</AllowDiscount>
      <itemStatus>1</itemStatus>
      <LastUpdateDate />
      <LastUpdateTime />
    </Product>
    <Product>
      <PriceUpdateDate>2019/11/28 14:55</PriceUpdateDate>
      <ItemCode>41425</ItemCode>
      <ItemType>0</ItemType>
      <ItemName>כתף בקר טרי בד"ץ**.</ItemName>
      <ManufactureName>ח.י. מעדני גורמה בעמ</ManufactureName>
      <ManufactureCountry />
      <ManufactureItemDescription />
      <UnitQty>ק"ג</UnitQty>
      <Quantity>1</Quantity>
      <UnitMeasure />
      <BisWeighted>1</BisWeighted>
      <QtyInPackage>1</QtyInPackage>
      <ItemPrice>79.90</ItemPrice>
      <UnitOfMeasurePrice>79.90</UnitOfMeasurePrice>
      <AllowDiscount>0</AllowDiscount>
      <itemStatus>1</itemStatus>
      <LastUpdateDate />
      <LastUpdateTime />
    </Product>
    <Product>
      <PriceUpdateDate>2017/12/27 15:23</PriceUpdateDate>
      <ItemCode>41427</ItemCode>
      <ItemType>0</ItemType>
      <ItemName>צלעות בקר טרי/מצונן חלק **.</ItemName>
      <ManufactureName>ח.י. מעדני גורמה בעמ</ManufactureName>
      <ManufactureCountry />
      <ManufactureItemDescription />
      <UnitQty>ק"ג</UnitQty>
      <Quantity>1</Quantity>
      <UnitMeasure />
      <BisWeighted>1</BisWeighted>
      <QtyInPackage>1</QtyInPackage>
      <ItemPrice>69.90</ItemPrice>
      <UnitOfMeasurePrice>69.90</UnitOfMeasurePrice>
      <AllowDiscount>1</AllowDiscount>
      <itemStatus>1</itemStatus>
      <LastUpdateDate />
      <LastUpdateTime />
    </Product>
    <Product>
      <PriceUpdateDate>2019/09/04 16:12</PriceUpdateDate>
      <ItemCode>41447</ItemCode>
      <ItemType>0</ItemType>
      <ItemName>פרגית עוף לתנור עם עצם טרי**</ItemName>
      <ManufactureName>ח.י. מעדני גורמה בעמ</ManufactureName>
      <ManufactureCountry />
      <ManufactureItemDescription />
      <UnitQty>ק"ג</UnitQty>
      <Quantity>1</Quantity>
      <UnitMeasure />
      <BisWeighted>1</BisWeighted>
      <QtyInPackage>1</QtyInPackage>
      <ItemPrice>44.90</ItemPrice>
      <UnitOfMeasurePrice>44.90</UnitOfMeasurePrice>
      <AllowDiscount>1</AllowDiscount>
      <itemStatus>1</itemStatus>
      <LastUpdateDate />
      <LastUpdateTime />
    </Product>
    <Product>
      <PriceUpdateDate>2019/06/16 12:42</PriceUpdateDate>
      <ItemCode>7290000042008</ItemCode>
      <ItemType>1</ItemType>
      <ItemName>חלב   שקית}תנובה% *3</ItemName>
      <ManufactureName>תנובה בעמ ***</ManufactureName>
      <ManufactureCountry />
      <ManufactureItemDescription />
      <UnitQty>י"ח</UnitQty>
      <Quantity>1</Quantity>
      <UnitMeasure>ליטר</UnitMeasure>
      <BisWeighted>0</BisWeighted>
      <QtyInPackage>1</QtyInPackage>
      <ItemPrice>5.17</ItemPrice>
      <UnitOfMeasurePrice>5.17</UnitOfMeasurePrice>
      <AllowDiscount>0</AllowDiscount>
      <itemStatus>1</itemStatus>
      <LastUpdateDate />
      <LastUpdateTime />
    </Product>
    <Product>
      <PriceUpdateDate>2019/06/16 12:42</PriceUpdateDate>
      <ItemCode>7290000042015</ItemCode>
      <ItemType>1</ItemType>
      <ItemName>חלב שקית   מהדרין 3%  תנובה*</ItemName>
      <ManufactureName>תנובה בעמ ***</ManufactureName>
      <ManufactureCountry />
      <ManufactureItemDescription />
      <UnitQty>י"ח</UnitQty>
      <Quantity>1</Quantity>
      <UnitMeasure>ליטר</UnitMeasure>
      <BisWeighted>0</BisWeighted>
      <QtyInPackage>1</QtyInPackage>
      <ItemPrice>5.17</ItemPrice>
      <UnitOfMeasurePrice>5.17</UnitOfMeasurePrice>
      <AllowDiscount>0</AllowDiscount>
      <itemStatus>1</itemStatus>
      <LastUpdateDate />
      <LastUpdateTime />
    </Product>
    <Product>
      <PriceUpdateDate>2020/01/14 10:09</PriceUpdateDate>
      <ItemCode>42209</ItemCode>
      <ItemType>0</ItemType>
      <ItemName>בשר טחון טרי מנתח מובחר</ItemName>
      <ManufactureName>ח.י. מעדני גורמה בעמ</ManufactureName>
      <ManufactureCountry />
      <ManufactureItemDescription />
      <UnitQty>ק"ג</UnitQty>
      <Quantity>1</Quantity>
      <UnitMeasure />
      <BisWeighted>1</BisWeighted>
      <QtyInPackage>1</QtyInPackage>
      <ItemPrice>59.90</ItemPrice>
      <UnitOfMeasurePrice>59.90</UnitOfMeasurePrice>
      <AllowDiscount>1</AllowDiscount>
      <itemStatus>1</itemStatus>
      <LastUpdateDate />
      <LastUpdateTime />
    </Product>
    <Product>
      <PriceUpdateDate>2020/04/28 08:15</PriceUpdateDate>
      <ItemCode>42268</ItemCode>
      <ItemType>0</ItemType>
      <ItemName>שריר  טרי/מצונן**</ItemName>
      <ManufactureName>ח.י. מעדני גורמה בעמ</ManufactureName>
      <ManufactureCountry />
      <ManufactureItemDescription />
      <UnitQty>ק"ג</UnitQty>
      <Quantity>1</Quantity>
      <UnitMeasure>ק"ג</UnitMeasure>
      <BisWeighted>1</BisWeighted>
      <QtyInPackage>1</QtyInPackage>
      <ItemPrice>69.90</ItemPrice>
      <UnitOfMeasurePrice>69.90</UnitOfMeasurePrice>
      <AllowDiscount>1</AllowDiscount>
      <itemStatus>1</itemStatus>
      <LastUpdateDate />
      <LastUpdateTime />
    </Product>
    <Product>
      <PriceUpdateDate>2016/02/11 11:53</PriceUpdateDate>
      <ItemCode>7290000042404</ItemCode>
      <ItemType>1</ItemType>
      <ItemName>חלב 1 ל  3%  שקית}יטבתה{</ItemName>
      <ManufactureName>שטראוס גרופ ***בעמ</ManufactureName>
      <ManufactureCountry />
      <ManufactureItemDescription />
      <UnitQty>י"ח</UnitQty>
      <Quantity>1</Quantity>
      <UnitMeasure>ליטר</UnitMeasure>
      <BisWeighted>0</BisWeighted>
      <QtyInPackage>1</QtyInPackage>
      <ItemPrice>5.90</ItemPrice>
      <UnitOfMeasurePrice>5.90</UnitOfMeasurePrice>
      <AllowDiscount>0</AllowDiscount>
      <itemStatus>1</itemStatus>
      <LastUpdateDate />
      <LastUpdateTime />
    </Product>
    <Product>
      <PriceUpdateDate>2019/06/16 12:42</PriceUpdateDate>
      <ItemCode>7290000042435</ItemCode>
      <ItemType>1</ItemType>
      <ItemName>חלב  קרטון דל שומן 1  ל תנובה 1%</ItemName>
      <ManufactureName>תנובה בעמ ***</ManufactureName>
      <ManufactureCountry />
      <ManufactureItemDescription />
      <UnitQty>י"ח</UnitQty>
      <Quantity>1</Quantity>
      <UnitMeasure>ליטר</UnitMeasure>
      <BisWeighted>0</BisWeighted>
      <QtyInPackage>1</QtyInPackage>
      <ItemPrice>5.59</ItemPrice>
      <UnitOfMeasurePrice>5.59</UnitOfMeasurePrice>
      <AllowDiscount>0</AllowDiscount>
      <itemStatus>1</itemStatus>
      <LastUpdateDate />
      <LastUpdateTime />
    </Product>
    <Product>
      <PriceUpdateDate>2020/02/10 00:18</PriceUpdateDate>
      <ItemCode>7290000042442</ItemCode>
      <ItemType>1</ItemType>
      <ItemName>חלב בקרטון +3%פקק}תנובה   1 ל`*</ItemName>
      <ManufactureName>תנובה בעמ ***</ManufactureName>
      <ManufactureCountry />
      <ManufactureItemDescription />
      <UnitQty>י"ח</UnitQty>
      <Quantity>1</Quantity>
      <UnitMeasure>ליטר</UnitMeasure>
      <BisWeighted>0</BisWeighted>
      <QtyInPackage>1</QtyInPackage>
      <ItemPrice>5.94</ItemPrice>
      <UnitOfMeasurePrice>5.94</UnitOfMeasurePrice>
      <AllowDiscount>0</AllowDiscount>
      <itemStatus>1</itemStatus>
      <LastUpdateDate />
      <LastUpdateTime />
    </Product>
    <Product>
      <PriceUpdateDate>2020/01/02 12:29</PriceUpdateDate>
      <ItemCode>7290000042503</ItemCode>
      <ItemType>1</ItemType>
      <ItemName>חלב עמיד 1 ליטר</ItemName>
      <ManufactureName>תנובה בעמ ***</ManufactureName>
      <ManufactureCountry />
      <ManufactureItemDescription />
      <UnitQty>י"ח</UnitQty>
      <Quantity>1</Quantity>
      <UnitMeasure>ליטר</UnitMeasure>
      <BisWeighted>0</BisWeighted>
      <QtyInPackage>1</QtyInPackage>
      <ItemPrice>6.70</ItemPrice>
      <UnitOfMeasurePrice>6.70</UnitOfMeasurePrice>
      <AllowDiscount>0</AllowDiscount>
      <itemStatus>1</itemStatus>
      <LastUpdateDate />
      <LastUpdateTime />
    </Product>
    <Product>
      <PriceUpdateDate>2013/12/24 16:16</PriceUpdateDate>
      <ItemCode>7290000042855</ItemCode>
      <ItemType>1</ItemType>
      <ItemName>שוקו יטבתה 250</ItemName>
      <ManufactureName>שטראוס גרופ ***בעמ</ManufactureName>
      <ManufactureCountry />
      <ManufactureItemDescription />
      <UnitQty>י"ח</UnitQty>
      <Quantity>225</Quantity>
      <UnitMeasure>ל  מ"ל</UnitMeasure>
      <BisWeighted>0</BisWeighted>
      <QtyInPackage>1</QtyInPackage>
      <ItemPrice>2.50</ItemPrice>
      <UnitOfMeasurePrice>1.11</UnitOfMeasurePrice>
      <AllowDiscount>0</AllowDiscount>
      <itemStatus>1</itemStatus>
      <LastUpdateDate />
      <LastUpdateTime />
    </Product>
    <Product>
      <PriceUpdateDate>2019/06/16 12:42</PriceUpdateDate>
      <ItemCode>7290000043111</ItemCode>
      <ItemType>1</ItemType>
      <ItemName>חמאה 200גרם תנובה  רגיל*</ItemName>
      <ManufactureName>תנובה בעמ ***</ManufactureName>
      <ManufactureCountry />
      <ManufactureItemDescription />
      <UnitQty>י"ח</UnitQty>
      <Quantity>200</Quantity>
      <UnitMeasure>ל  גרם</UnitMeasure>
      <BisWeighted>0</BisWeighted>
      <QtyInPackage>1</QtyInPackage>
      <ItemPrice>7.88</ItemPrice>
      <UnitOfMeasurePrice>3.94</UnitOfMeasurePrice>
      <AllowDiscount>0</AllowDiscount>
      <itemStatus>1</itemStatus>
      <LastUpdateDate />
      <LastUpdateTime />
    </Product>
    <Product>
      <PriceUpdateDate>2019/06/16 12:42</PriceUpdateDate>
      <ItemCode>7290000043814</ItemCode>
      <ItemType>1</ItemType>
      <ItemName>שמנת עמידה  38% להקצפה 250  מ"ל*</ItemName>
      <ManufactureName>תנובה בעמ ***</ManufactureName>
      <ManufactureCountry />
      <ManufactureItemDescription />
      <UnitQty>י"ח</UnitQty>
      <Quantity>250</Quantity>
      <UnitMeasure>ל  מ"ל</UnitMeasure>
      <BisWeighted>0</BisWeighted>
      <QtyInPackage>1</QtyInPackage>
      <ItemPrice>6.18</ItemPrice>
      <UnitOfMeasurePrice>2.47</UnitOfMeasurePrice>
      <AllowDiscount>0</AllowDiscount>
      <itemStatus>1</itemStatus>
      <LastUpdateDate />
      <LastUpdateTime />
    </Product>
    <Product>
      <PriceUpdateDate>2020/03/08 09:58</PriceUpdateDate>
      <ItemCode>7290000043890</ItemCode>
      <ItemType>1</ItemType>
      <ItemName>ריויון 1 ליטר קרטון 1.5% שומן</ItemName>
      <ManufactureName>תנובה בעמ ***</ManufactureName>
      <ManufactureCountry />
      <ManufactureItemDescription />
      <UnitQty>י"ח</UnitQty>
      <Quantity>1.0350</Quantity>
      <UnitMeasure>ליטר</UnitMeasure>
      <BisWeighted>0</BisWeighted>
      <QtyInPackage>1</QtyInPackage>
      <ItemPrice>11.90</ItemPrice>
      <UnitOfMeasurePrice>11.50</UnitOfMeasurePrice>
      <AllowDiscount>0</AllowDiscount>
      <itemStatus>1</itemStatus>
      <LastUpdateDate />
      <LastUpdateTime />
    </Product>
    <Product>
      <PriceUpdateDate>2020/01/02 12:29</PriceUpdateDate>
      <ItemCode>7290000043944</ItemCode>
      <ItemType>1</ItemType>
      <ItemName>יוגורט  בכד 1.5 ליטר 4.5%</ItemName>
      <ManufactureName>תנובה בעמ ***</ManufactureName>
      <ManufactureCountry />
      <ManufactureItemDescription />
      <UnitQty>י"ח</UnitQty>
      <Quantity>1.50</Quantity>
      <UnitMeasure>ליטר</UnitMeasure>
      <BisWeighted>0</BisWeighted>
      <QtyInPackage>1</QtyInPackage>
      <ItemPrice>15.90</ItemPrice>
      <UnitOfMeasurePrice>10.60</UnitOfMeasurePrice>
      <AllowDiscount>0</AllowDiscount>
      <itemStatus>1</itemStatus>
      <LastUpdateDate />
      <LastUpdateTime />
    </Product>
    <Product>
      <PriceUpdateDate>2020/01/02 12:29</PriceUpdateDate>
      <ItemCode>7290000044712</ItemCode>
      <ItemType>1</ItemType>
      <ItemName>.פרילי  תות 500 מ"ל.</ItemName>
      <ManufactureName>תנובה בעמ ***</ManufactureName>
      <ManufactureCountry />
      <ManufactureItemDescription />
      <UnitQty>י"ח</UnitQty>
      <Quantity>500</Quantity>
      <UnitMeasure>ל  מ"ל</UnitMeasure>
      <BisWeighted>0</BisWeighted>
      <QtyInPackage>1</QtyInPackage>
      <ItemPrice>9.90</ItemPrice>
      <UnitOfMeasurePrice>1.98</UnitOfMeasurePrice>
      <AllowDiscount>1</AllowDiscount>
      <itemStatus>1</itemStatus>
      <LastUpdateDate />
      <LastUpdateTime />
    </Product>
    <Product>
      <PriceUpdateDate>2020/01/02 12:29</PriceUpdateDate>
      <ItemCode>7290000044743</ItemCode>
      <ItemType>1</ItemType>
      <ItemName>פרילי 500 מ"ל אננס.</ItemName>
      <ManufactureName>תנובה בעמ ***</ManufactureName>
      <ManufactureCountry />
      <ManufactureItemDescription />
      <UnitQty>י"ח</UnitQty>
      <Quantity>500</Quantity>
      <UnitMeasure>ל  מ"ל</UnitMeasure>
      <BisWeighted>0</BisWeighted>
      <QtyInPackage>1</QtyInPackage>
      <ItemPrice>9.90</ItemPrice>
      <UnitOfMeasurePrice>1.98</UnitOfMeasurePrice>
      <AllowDiscount>1</AllowDiscount>
      <itemStatus>1</itemStatus>
      <LastUpdateDate />
      <LastUpdateTime />
    </Product>
    <Product>
      <PriceUpdateDate>2020/01/02 12:29</PriceUpdateDate>
      <ItemCode>7290000045573</ItemCode>
      <ItemType>1</ItemType>
      <ItemName>נעמה גבינה משולשת  200ג</ItemName>
      <ManufactureName>תנובה בעמ ***</ManufactureName>
      <ManufactureCountry />
      <ManufactureItemDescription />
      <UnitQty>י"ח</UnitQty>
      <Quantity>200</Quantity>
      <UnitMeasure>ל  גרם</UnitMeasure>
      <BisWeighted>0</BisWeighted>
      <QtyInPackage>1</QtyInPackage>
      <ItemPrice>13.90</ItemPrice>
      <UnitOfMeasurePrice>6.95</UnitOfMeasurePrice>
      <AllowDiscount>0</AllowDiscount>
      <itemStatus>1</itemStatus>
      <LastUpdateDate />
      <LastUpdateTime />
    </Product>
    <Product>
      <PriceUpdateDate>2020/01/02 12:29</PriceUpdateDate>
      <ItemCode>7290000045580</ItemCode>
      <ItemType>1</ItemType>
      <ItemName>חורש  גבינה}משולשת{</ItemName>
      <ManufactureName>תנובה בעמ ***</ManufactureName>
      <ManufactureCountry />
      <ManufactureItemDescription />
      <UnitQty>י"ח</UnitQty>
      <Quantity>240</Quantity>
      <UnitMeasure>ל  גרם</UnitMeasure>
      <BisWeighted>0</BisWeighted>
      <QtyInPackage>1</QtyInPackage>
      <ItemPrice>16.90</ItemPrice>
      <UnitOfMeasurePrice>7.04</UnitOfMeasurePrice>
      <AllowDiscount>0</AllowDiscount>
      <itemStatus>1</itemStatus>
      <LastUpdateDate />
      <LastUpdateTime />
    </Product>
    <Product>
      <PriceUpdateDate>2020/01/02 12:29</PriceUpdateDate>
      <ItemCode>7290000045771</ItemCode>
      <ItemType>1</ItemType>
      <ItemName>יוגורט 3 ליטר 4.5%</ItemName>
      <ManufactureName>תנובה בעמ ***</ManufactureName>
      <ManufactureCountry />
      <ManufactureItemDescription />
      <UnitQty>י"ח</UnitQty>
      <Quantity>3</Quantity>
      <UnitMeasure>ליטר</UnitMeasure>
      <BisWeighted>0</BisWeighted>
      <QtyInPackage>1</QtyInPackage>
      <ItemPrice>28.90</ItemPrice>
      <UnitOfMeasurePrice>9.63</UnitOfMeasurePrice>
      <AllowDiscount>0</AllowDiscount>
      <itemStatus>1</itemStatus>
      <LastUpdateDate />
      <LastUpdateTime />
    </Product>
    <Product>
      <PriceUpdateDate>2015/02/15 15:28</PriceUpdateDate>
      <ItemCode>45876</ItemCode>
      <ItemType>0</ItemType>
      <ItemName>שאריות נקניק</ItemName>
      <ManufactureName>שונות /שרות</ManufactureName>
      <ManufactureCountry />
      <ManufactureItemDescription />
      <UnitQty>ק"ג</UnitQty>
      <Quantity>1</Quantity>
      <UnitMeasure />
      <BisWeighted>1</BisWeighted>
      <QtyInPackage>1</QtyInPackage>
      <ItemPrice>19.90</ItemPrice>
      <UnitOfMeasurePrice>19.90</UnitOfMeasurePrice>
      <AllowDiscount>0</AllowDiscount>
      <itemStatus>1</itemStatus>
      <LastUpdateDate />
      <LastUpdateTime />
    </Product>
    <Product>
      <PriceUpdateDate>2019/06/16 12:42</PriceUpdateDate>
      <ItemCode>46006</ItemCode>
      <ItemType>0</ItemType>
      <ItemName>עמק גבינה שקילה  *</ItemName>
      <ManufactureName>תנובה בעמ ***</ManufactureName>
      <ManufactureCountry />
      <ManufactureItemDescription />
      <UnitQty>ק"ג</UnitQty>
      <Quantity>1000</Quantity>
      <UnitMeasure>ל  גרם</UnitMeasure>
      <BisWeighted>1</BisWeighted>
      <QtyInPackage>1</QtyInPackage>
      <ItemPrice>42.70</ItemPrice>
      <UnitOfMeasurePrice>4.27</UnitOfMeasurePrice>
      <AllowDiscount>0</AllowDiscount>
      <itemStatus>1</itemStatus>
      <LastUpdateDate />
      <LastUpdateTime />
    </Product>
    <Product>
      <PriceUpdateDate>2019/06/16 12:42</PriceUpdateDate>
      <ItemCode>7290000046020</ItemCode>
      <ItemType>1</ItemType>
      <ItemName>גלבוע   שקילה}גבנ"צ{*</ItemName>
      <ManufactureName>תנובה בעמ ***</ManufactureName>
      <ManufactureCountry />
      <ManufactureItemDescription />
      <UnitQty>ק"ג</UnitQty>
      <Quantity>1000</Quantity>
      <UnitMeasure>ל  גרם</UnitMeasure>
      <BisWeighted>1</BisWeighted>
      <QtyInPackage>1</QtyInPackage>
      <ItemPrice>40.59</ItemPrice>
      <UnitOfMeasurePrice>4.06</UnitOfMeasurePrice>
      <AllowDiscount>0</AllowDiscount>
      <itemStatus>1</itemStatus>
      <LastUpdateDate />
      <LastUpdateTime />
    </Product>
    <Product>
      <PriceUpdateDate>2018/09/13 11:16</PriceUpdateDate>
      <ItemCode>46501</ItemCode>
      <ItemType>0</ItemType>
      <ItemName>טל העמק שקיל</ItemName>
      <ManufactureName>תנובה בעמ ***</ManufactureName>
      <ManufactureCountry />
      <ManufactureItemDescription />
      <UnitQty>ק"ג</UnitQty>
      <Quantity>1000</Quantity>
      <UnitMeasure>ל  גרם</UnitMeasure>
      <BisWeighted>1</BisWeighted>
      <QtyInPackage>1</QtyInPackage>
      <ItemPrice>60</ItemPrice>
      <UnitOfMeasurePrice>6</UnitOfMeasurePrice>
      <AllowDiscount>0</AllowDiscount>
      <itemStatus>1</itemStatus>
      <LastUpdateDate />
      <LastUpdateTime />
    </Product>
    <Product>
      <PriceUpdateDate>2020/01/02 12:29</PriceUpdateDate>
      <ItemCode>7290000046563</ItemCode>
      <ItemType>1</ItemType>
      <ItemName>פרמזן תנובה</ItemName>
      <ManufactureName>תנובה בעמ ***</ManufactureName>
      <ManufactureCountry />
      <ManufactureItemDescription />
      <UnitQty>י"ח</UnitQty>
      <Quantity>1000</Quantity>
      <UnitMeasure>ל  גרם</UnitMeasure>
      <BisWeighted>1</BisWeighted>
      <QtyInPackage>1</QtyInPackage>
      <ItemPrice>109</ItemPrice>
      <UnitOfMeasurePrice>10.90</UnitOfMeasurePrice>
      <AllowDiscount>0</AllowDiscount>
      <itemStatus>1</itemStatus>
      <LastUpdateDate />
      <LastUpdateTime />
    </Product>
    <Product>
      <PriceUpdateDate>2020/01/02 12:29</PriceUpdateDate>
      <ItemCode>46662</ItemCode>
      <ItemType>0</ItemType>
      <ItemName>גבינה סקנדינבית</ItemName>
      <ManufactureName>תנובה בעמ ***</ManufactureName>
      <ManufactureCountry />
      <ManufactureItemDescription />
      <UnitQty>ק"ג</UnitQty>
      <Quantity>10</Quantity>
      <UnitMeasure>ק"ג</UnitMeasure>
      <BisWeighted>1</BisWeighted>
      <QtyInPackage>1</QtyInPackage>
      <ItemPrice>76</ItemPrice>
      <UnitOfMeasurePrice>7.60</UnitOfMeasurePrice>
      <AllowDiscount>0</AllowDiscount>
      <itemStatus>1</itemStatus>
      <LastUpdateDate />
      <LastUpdateTime />
    </Product>
    <Product>
      <PriceUpdateDate>2020/01/02 12:29</PriceUpdateDate>
      <ItemCode>47485</ItemCode>
      <ItemType>0</ItemType>
      <ItemName>בולגרית פיראוס  תנובה /%24מעדניה</ItemName>
      <ManufactureName>תנובה בעמ ***</ManufactureName>
      <ManufactureCountry />
      <ManufactureItemDescription />
      <UnitQty>ק"ג</UnitQty>
      <Quantity>1</Quantity>
      <UnitMeasure>ק"ג</UnitMeasure>
      <BisWeighted>1</BisWeighted>
      <QtyInPackage>1</QtyInPackage>
      <ItemPrice>56</ItemPrice>
      <UnitOfMeasurePrice>56</UnitOfMeasurePrice>
      <AllowDiscount>0</AllowDiscount>
      <itemStatus>1</itemStatus>
      <LastUpdateDate />
      <LastUpdateTime />
    </Product>
    <Product>
      <PriceUpdateDate>2020/01/02 12:29</PriceUpdateDate>
      <ItemCode>7290000047546</ItemCode>
      <ItemType>1</ItemType>
      <ItemName>כנען 500 ג</ItemName>
      <ManufactureName>תנובה בעמ ***</ManufactureName>
      <ManufactureCountry />
      <ManufactureItemDescription />
      <UnitQty>י"ח</UnitQty>
      <Quantity>500</Quantity>
      <UnitMeasure>ל  גרם</UnitMeasure>
      <BisWeighted>0</BisWeighted>
      <QtyInPackage>1</QtyInPackage>
      <ItemPrice>19.90</ItemPrice>
      <UnitOfMeasurePrice>3.98</UnitOfMeasurePrice>
      <AllowDiscount>1</AllowDiscount>
      <itemStatus>1</itemStatus>
      <LastUpdateDate />
      <LastUpdateTime />
    </Product>
    <Product>
      <PriceUpdateDate>2019/06/16 12:42</PriceUpdateDate>
      <ItemCode>7290000047621</ItemCode>
      <ItemType>1</ItemType>
      <ItemName>גבינה לבנה 5% תנובה  250  גרם*</ItemName>
      <ManufactureName>תנובה בעמ ***</ManufactureName>
      <ManufactureCountry />
      <ManufactureItemDescription />
      <UnitQty>י"ח</UnitQty>
      <Quantity>250</Quantity>
      <UnitMeasure>ל  גרם</UnitMeasure>
      <BisWeighted>0</BisWeighted>
      <QtyInPackage>1</QtyInPackage>
      <ItemPrice>4.75</ItemPrice>
      <UnitOfMeasurePrice>1.90</UnitOfMeasurePrice>
      <AllowDiscount>1</AllowDiscount>
      <itemStatus>1</itemStatus>
      <LastUpdateDate />
      <LastUpdateTime />
    </Product>
    <Product>
      <PriceUpdateDate>2020/01/02 12:29</PriceUpdateDate>
      <ItemCode>7290000047942</ItemCode>
      <ItemType>1</ItemType>
      <ItemName>גבינה לבנה 9% רכה 250 גרם</ItemName>
      <ManufactureName>תנובה בעמ ***</ManufactureName>
      <ManufactureCountry />
      <ManufactureItemDescription />
      <UnitQty>י"ח</UnitQty>
      <Quantity>250</Quantity>
      <UnitMeasure>ל  גרם</UnitMeasure>
      <BisWeighted>0</BisWeighted>
      <QtyInPackage>1</QtyInPackage>
      <ItemPrice>4.70</ItemPrice>
      <UnitOfMeasurePrice>1.88</UnitOfMeasurePrice>
      <AllowDiscount>1</AllowDiscount>
      <itemStatus>1</itemStatus>
      <LastUpdateDate />
      <LastUpdateTime />
    </Product>
    <Product>
      <PriceUpdateDate>2019/06/16 12:42</PriceUpdateDate>
      <ItemCode>7290000048185</ItemCode>
      <ItemType>1</ItemType>
      <ItemName>גבינה% 5  תנובה 250גרם*</ItemName>
      <ManufactureName>תנובה בעמ ***</ManufactureName>
      <ManufactureCountry />
      <ManufactureItemDescription />
      <UnitQty>י"ח</UnitQty>
      <Quantity>250</Quantity>
      <UnitMeasure>ל  גרם</UnitMeasure>
      <BisWeighted>0</BisWeighted>
      <QtyInPackage>1</QtyInPackage>
      <ItemPrice>4.75</ItemPrice>
      <UnitOfMeasurePrice>1.90</UnitOfMeasurePrice>
      <AllowDiscount>1</AllowDiscount>
      <itemStatus>1</itemStatus>
      <LastUpdateDate />
      <LastUpdateTime />
    </Product>
    <Product>
      <PriceUpdateDate>2020/01/02 12:29</PriceUpdateDate>
      <ItemCode>7290000048192</ItemCode>
      <ItemType>1</ItemType>
      <ItemName>גבינה 9%  250 גרם</ItemName>
      <ManufactureName>תנובה בעמ ***</ManufactureName>
      <ManufactureCountry />
      <ManufactureItemDescription />
      <UnitQty>י"ח</UnitQty>
      <Quantity>250</Quantity>
      <UnitMeasure>ל  גרם</UnitMeasure>
      <BisWeighted>0</BisWeighted>
      <QtyInPackage>1</QtyInPackage>
      <ItemPrice>4.70</ItemPrice>
      <UnitOfMeasurePrice>1.88</UnitOfMeasurePrice>
      <AllowDiscount>1</AllowDiscount>
      <itemStatus>1</itemStatus>
      <LastUpdateDate />
      <LastUpdateTime />
    </Product>
    <Product>
      <PriceUpdateDate>2020/01/02 12:29</PriceUpdateDate>
      <ItemCode>7290000048413</ItemCode>
      <ItemType>1</ItemType>
      <ItemName>חמד</ItemName>
      <ManufactureName>תנובה בעמ ***</ManufactureName>
      <ManufactureCountry />
      <ManufactureItemDescription />
      <UnitQty>י"ח</UnitQty>
      <Quantity>250</Quantity>
      <UnitMeasure>ל  גרם</UnitMeasure>
      <BisWeighted>0</BisWeighted>
      <QtyInPackage>1</QtyInPackage>
      <ItemPrice>17.90</ItemPrice>
      <UnitOfMeasurePrice>7.16</UnitOfMeasurePrice>
      <AllowDiscount>1</AllowDiscount>
      <itemStatus>1</itemStatus>
      <LastUpdateDate />
      <LastUpdateTime />
    </Product>
    <Product>
      <PriceUpdateDate>2020/01/02 12:29</PriceUpdateDate>
      <ItemCode>7290000048437</ItemCode>
      <ItemType>1</ItemType>
      <ItemName>גבינה צפתית צ פיראוס 200  ג%`5</ItemName>
      <ManufactureName>תנובה בעמ ***</ManufactureName>
      <ManufactureCountry />
      <ManufactureItemDescription />
      <UnitQty>י"ח</UnitQty>
      <Quantity>200</Quantity>
      <UnitMeasure>ל  גרם</UnitMeasure>
      <BisWeighted>0</BisWeighted>
      <QtyInPackage>1</QtyInPackage>
      <ItemPrice>13.90</ItemPrice>
      <UnitOfMeasurePrice>6.95</UnitOfMeasurePrice>
      <AllowDiscount>1</AllowDiscount>
      <itemStatus>1</itemStatus>
      <LastUpdateDate />
      <LastUpdateTime />
    </Product>
    <Product>
      <PriceUpdateDate>2019/06/16 12:42</PriceUpdateDate>
      <ItemCode>50300</ItemCode>
      <ItemType>0</ItemType>
      <ItemName>גבינה לבנה תנובה  5% 125ג*</ItemName>
      <ManufactureName>תנובה בעמ ***</ManufactureName>
      <ManufactureCountry />
      <ManufactureItemDescription />
      <UnitQty>י"ח</UnitQty>
      <Quantity>125</Quantity>
      <UnitMeasure>ל  גרם</UnitMeasure>
      <BisWeighted>0</BisWeighted>
      <QtyInPackage>1</QtyInPackage>
      <ItemPrice>2.40</ItemPrice>
      <UnitOfMeasurePrice>1.92</UnitOfMeasurePrice>
      <AllowDiscount>0</AllowDiscount>
      <itemStatus>1</itemStatus>
      <LastUpdateDate />
      <LastUpdateTime />
    </Product>
    <Product>
      <PriceUpdateDate>2020/01/02 12:29</PriceUpdateDate>
      <ItemCode>50447</ItemCode>
      <ItemType>0</ItemType>
      <ItemName>יופלה תות 500גר`</ItemName>
      <ManufactureName>תנובה בעמ ***</ManufactureName>
      <ManufactureCountry />
      <ManufactureItemDescription />
      <UnitQty>י"ח</UnitQty>
      <Quantity>500</Quantity>
      <UnitMeasure>ל  גרם</UnitMeasure>
      <BisWeighted>0</BisWeighted>
      <QtyInPackage>1</QtyInPackage>
      <ItemPrice>12.90</ItemPrice>
      <UnitOfMeasurePrice>2.58</UnitOfMeasurePrice>
      <AllowDiscount>0</AllowDiscount>
      <itemStatus>1</itemStatus>
      <LastUpdateDate />
      <LastUpdateTime />
    </Product>
    <Product>
      <PriceUpdateDate>2020/01/02 12:29</PriceUpdateDate>
      <ItemCode>51376</ItemCode>
      <ItemType>0</ItemType>
      <ItemName>יופלה דיאט אננס ספורטיבי 150גר`</ItemName>
      <ManufactureName>תנובה בעמ ***</ManufactureName>
      <ManufactureCountry />
      <ManufactureItemDescription />
      <UnitQty>י"ח</UnitQty>
      <Quantity>150</Quantity>
      <UnitMeasure>ל  גרם</UnitMeasure>
      <BisWeighted>0</BisWeighted>
      <QtyInPackage>1</QtyInPackage>
      <ItemPrice>4.80</ItemPrice>
      <UnitOfMeasurePrice>3.20</UnitOfMeasurePrice>
      <AllowDiscount>0</AllowDiscount>
      <itemStatus>1</itemStatus>
      <LastUpdateDate />
      <LastUpdateTime />
    </Product>
    <Product>
      <PriceUpdateDate>2020/01/02 12:29</PriceUpdateDate>
      <ItemCode>51710</ItemCode>
      <ItemType>0</ItemType>
      <ItemName>פיראוס לאבנה עם שמן זית וזעתר 263גר`</ItemName>
      <ManufactureName>תנובה בעמ ***</ManufactureName>
      <ManufactureCountry />
      <ManufactureItemDescription />
      <UnitQty>י"ח</UnitQty>
      <Quantity>263</Quantity>
      <UnitMeasure>ל  גרם</UnitMeasure>
      <BisWeighted>0</BisWeighted>
      <QtyInPackage>1</QtyInPackage>
      <ItemPrice>12.90</ItemPrice>
      <UnitOfMeasurePrice>4.90</UnitOfMeasurePrice>
      <AllowDiscount>1</AllowDiscount>
      <itemStatus>1</itemStatus>
      <LastUpdateDate />
      <LastUpdateTime />
    </Product>
    <Product>
      <PriceUpdateDate>2020/01/02 12:29</PriceUpdateDate>
      <ItemCode>52649</ItemCode>
      <ItemType>0</ItemType>
      <ItemName>פיראוס לאבנה 5% 500גר`</ItemName>
      <ManufactureName>תנובה בעמ ***</ManufactureName>
      <ManufactureCountry />
      <ManufactureItemDescription />
      <UnitQty>י"ח</UnitQty>
      <Quantity>500</Quantity>
      <UnitMeasure>ל  גרם</UnitMeasure>
      <BisWeighted>0</BisWeighted>
      <QtyInPackage>1</QtyInPackage>
      <ItemPrice>18.90</ItemPrice>
      <UnitOfMeasurePrice>3.78</UnitOfMeasurePrice>
      <AllowDiscount>1</AllowDiscount>
      <itemStatus>1</itemStatus>
      <LastUpdateDate />
      <LastUpdateTime />
    </Product>
    <Product>
      <PriceUpdateDate>2020/01/02 12:29</PriceUpdateDate>
      <ItemCode>55329</ItemCode>
      <ItemType>0</ItemType>
      <ItemName>יופלה משקה יוגורט טעם תות-מלון 250מ"ל</ItemName>
      <ManufactureName>תנובה בעמ ***</ManufactureName>
      <ManufactureCountry />
      <ManufactureItemDescription />
      <UnitQty>י"ח</UnitQty>
      <Quantity>250</Quantity>
      <UnitMeasure>ל  גרם</UnitMeasure>
      <BisWeighted>0</BisWeighted>
      <QtyInPackage>1</QtyInPackage>
      <ItemPrice>4.90</ItemPrice>
      <UnitOfMeasurePrice>1.96</UnitOfMeasurePrice>
      <AllowDiscount>0</AllowDiscount>
      <itemStatus>1</itemStatus>
      <LastUpdateDate />
      <LastUpdateTime />
    </Product>
    <Product>
      <PriceUpdateDate>2020/01/02 12:29</PriceUpdateDate>
      <ItemCode>55336</ItemCode>
      <ItemType>0</ItemType>
      <ItemName>יופלה משקה יוגורט טעם בננה-אפרסק 250מ"</ItemName>
      <ManufactureName>תנובה בעמ ***</ManufactureName>
      <ManufactureCountry />
      <ManufactureItemDescription />
      <UnitQty>י"ח</UnitQty>
      <Quantity>250</Quantity>
      <UnitMeasure>ל  גרם</UnitMeasure>
      <BisWeighted>0</BisWeighted>
      <QtyInPackage>1</QtyInPackage>
      <ItemPrice>4.90</ItemPrice>
      <UnitOfMeasurePrice>1.96</UnitOfMeasurePrice>
      <AllowDiscount>0</AllowDiscount>
      <itemStatus>1</itemStatus>
      <LastUpdateDate />
      <LastUpdateTime />
    </Product>
    <Product>
      <PriceUpdateDate>2020/01/02 12:29</PriceUpdateDate>
      <ItemCode>55343</ItemCode>
      <ItemType>0</ItemType>
      <ItemName>יופלה משקה יוגורט טעם טרופי 250מ"ל</ItemName>
      <ManufactureName>תנובה בעמ ***</ManufactureName>
      <ManufactureCountry />
      <ManufactureItemDescription />
      <UnitQty>י"ח</UnitQty>
      <Quantity>250</Quantity>
      <UnitMeasure>ל  גרם</UnitMeasure>
      <BisWeighted>0</BisWeighted>
      <QtyInPackage>1</QtyInPackage>
      <ItemPrice>4.90</ItemPrice>
      <UnitOfMeasurePrice>1.96</UnitOfMeasurePrice>
      <AllowDiscount>0</AllowDiscount>
      <itemStatus>1</itemStatus>
      <LastUpdateDate />
      <LastUpdateTime />
    </Product>
    <Product>
      <PriceUpdateDate>2020/01/02 12:29</PriceUpdateDate>
      <ItemCode>56319</ItemCode>
      <ItemType>0</ItemType>
      <ItemName>בולגרית פיראוס 24%</ItemName>
      <ManufactureName>תנובה בעמ ***</ManufactureName>
      <ManufactureCountry />
      <ManufactureItemDescription />
      <UnitQty>ק"ג</UnitQty>
      <Quantity>500</Quantity>
      <UnitMeasure>ל  גרם</UnitMeasure>
      <BisWeighted>1</BisWeighted>
      <QtyInPackage>1</QtyInPackage>
      <ItemPrice>56</ItemPrice>
      <UnitOfMeasurePrice>11.20</UnitOfMeasurePrice>
      <AllowDiscount>0</AllowDiscount>
      <itemStatus>1</itemStatus>
      <LastUpdateDate />
      <LastUpdateTime />
    </Product>
    <Product>
      <PriceUpdateDate>2020/01/02 12:29</PriceUpdateDate>
      <ItemCode>56784</ItemCode>
      <ItemType>0</ItemType>
      <ItemName>פטה כבשים 5% שקיל תנובה</ItemName>
      <ManufactureName>תנובה בעמ ***</ManufactureName>
      <ManufactureCountry />
      <ManufactureItemDescription />
      <UnitQty>ק"ג</UnitQty>
      <Quantity>1</Quantity>
      <UnitMeasure>ק"ג</UnitMeasure>
      <BisWeighted>1</BisWeighted>
      <QtyInPackage>1</QtyInPackage>
      <ItemPrice>99</ItemPrice>
      <UnitOfMeasurePrice>99</UnitOfMeasurePrice>
      <AllowDiscount>0</AllowDiscount>
      <itemStatus>1</itemStatus>
      <LastUpdateDate />
      <LastUpdateTime />
    </Product>
    <Product>
      <PriceUpdateDate>2019/06/16 12:42</PriceUpdateDate>
      <ItemCode>56845</ItemCode>
      <ItemType>0</ItemType>
      <ItemName>חלב תנובה טרי הומוגני 3% 1.5  ליטר*</ItemName>
      <ManufactureName>תנובה בעמ ***</ManufactureName>
      <ManufactureCountry />
      <ManufactureItemDescription />
      <UnitQty>י"ח</UnitQty>
      <Quantity>1.50</Quantity>
      <UnitMeasure>ליטר</UnitMeasure>
      <BisWeighted>0</BisWeighted>
      <QtyInPackage>1</QtyInPackage>
      <ItemPrice>8.91</ItemPrice>
      <UnitOfMeasurePrice>5.94</UnitOfMeasurePrice>
      <AllowDiscount>0</AllowDiscount>
      <itemStatus>1</itemStatus>
      <LastUpdateDate />
      <LastUpdateTime />
    </Product>
    <Product>
      <PriceUpdateDate>2020/01/02 12:29</PriceUpdateDate>
      <ItemCode>56890</ItemCode>
      <ItemType>0</ItemType>
      <ItemName>מאגדת  יופלה שמיניה דיאט 0%</ItemName>
      <ManufactureName>תנובה בעמ ***</ManufactureName>
      <ManufactureCountry />
      <ManufactureItemDescription />
      <UnitQty>י"ח</UnitQty>
      <Quantity>1.20</Quantity>
      <UnitMeasure>ליטר</UnitMeasure>
      <BisWeighted>0</BisWeighted>
      <QtyInPackage>1</QtyInPackage>
      <ItemPrice>28.90</ItemPrice>
      <UnitOfMeasurePrice>24.08</UnitOfMeasurePrice>
      <AllowDiscount>0</AllowDiscount>
      <itemStatus>1</itemStatus>
      <LastUpdateDate />
      <LastUpdateTime />
    </Product>
    <Product>
      <PriceUpdateDate>2020/01/02 12:29</PriceUpdateDate>
      <ItemCode>56906</ItemCode>
      <ItemType>0</ItemType>
      <ItemName>מאגדת  יופלה שמינייה בדץ  יוגורט 1.5</ItemName>
      <ManufactureName>תנובה בעמ ***</ManufactureName>
      <ManufactureCountry />
      <ManufactureItemDescription />
      <UnitQty>י"ח</UnitQty>
      <Quantity>1.20</Quantity>
      <UnitMeasure>ליטר</UnitMeasure>
      <BisWeighted>0</BisWeighted>
      <QtyInPackage>1</QtyInPackage>
      <ItemPrice>16.90</ItemPrice>
      <UnitOfMeasurePrice>14.08</UnitOfMeasurePrice>
      <AllowDiscount>1</AllowDiscount>
      <itemStatus>1</itemStatus>
      <LastUpdateDate />
      <LastUpdateTime />
    </Product>
    <Product>
      <PriceUpdateDate>2020/01/02 12:29</PriceUpdateDate>
      <ItemCode>56951</ItemCode>
      <ItemType>0</ItemType>
      <ItemName>שמנת לבישול 500 תנובה מ"ל</ItemName>
      <ManufactureName>תנובה בעמ ***</ManufactureName>
      <ManufactureCountry />
      <ManufactureItemDescription />
      <UnitQty>י"ח</UnitQty>
      <Quantity>500</Quantity>
      <UnitMeasure>ל  מ"ל</UnitMeasure>
      <BisWeighted>0</BisWeighted>
      <QtyInPackage>1</QtyInPackage>
      <ItemPrice>15.90</ItemPrice>
      <UnitOfMeasurePrice>3.18</UnitOfMeasurePrice>
      <AllowDiscount>0</AllowDiscount>
      <itemStatus>1</itemStatus>
      <LastUpdateDate />
      <LastUpdateTime />
    </Product>
    <Product>
      <PriceUpdateDate>2020/03/11 11:11</PriceUpdateDate>
      <ItemCode>57118</ItemCode>
      <ItemType>0</ItemType>
      <ItemName>סמי מעדנייה עמק 400גרם</ItemName>
      <ManufactureName>תנובה בעמ ***</ManufactureName>
      <ManufactureCountry />
      <ManufactureItemDescription />
      <UnitQty>י"ח</UnitQty>
      <Quantity>400</Quantity>
      <UnitMeasure>ל  גרם</UnitMeasure>
      <BisWeighted>0</BisWeighted>
      <QtyInPackage>1</QtyInPackage>
      <ItemPrice>21.60</ItemPrice>
      <UnitOfMeasurePrice>5.40</UnitOfMeasurePrice>
      <AllowDiscount>0</AllowDiscount>
      <itemStatus>1</itemStatus>
      <LastUpdateDate />
      <LastUpdateTime />
    </Product>
    <Product>
      <PriceUpdateDate>2020/01/02 12:29</PriceUpdateDate>
      <ItemCode>57132</ItemCode>
      <ItemType>0</ItemType>
      <ItemName>יוגורט תנובה 1.5% 200גרם</ItemName>
      <ManufactureName>תנובה בעמ ***</ManufactureName>
      <ManufactureCountry />
      <ManufactureItemDescription />
      <UnitQty>י"ח</UnitQty>
      <Quantity>200</Quantity>
      <UnitMeasure>ל  גרם</UnitMeasure>
      <BisWeighted>0</BisWeighted>
      <QtyInPackage>1</QtyInPackage>
      <ItemPrice>3</ItemPrice>
      <UnitOfMeasurePrice>1.50</UnitOfMeasurePrice>
      <AllowDiscount>0</AllowDiscount>
      <itemStatus>1</itemStatus>
      <LastUpdateDate />
      <LastUpdateTime />
    </Product>
    <Product>
      <PriceUpdateDate>2020/01/02 12:29</PriceUpdateDate>
      <ItemCode>57149</ItemCode>
      <ItemType>0</ItemType>
      <ItemName>יוגורט תנובה 3% 200גרם</ItemName>
      <ManufactureName>תנובה בעמ ***</ManufactureName>
      <ManufactureCountry />
      <ManufactureItemDescription />
      <UnitQty>י"ח</UnitQty>
      <Quantity>200</Quantity>
      <UnitMeasure>ל  גרם</UnitMeasure>
      <BisWeighted>0</BisWeighted>
      <QtyInPackage>1</QtyInPackage>
      <ItemPrice>3</ItemPrice>
      <UnitOfMeasurePrice>1.50</UnitOfMeasurePrice>
      <AllowDiscount>0</AllowDiscount>
      <itemStatus>1</itemStatus>
      <LastUpdateDate />
      <LastUpdateTime />
    </Product>
    <Product>
      <PriceUpdateDate>2020/01/02 12:29</PriceUpdateDate>
      <ItemCode>57552</ItemCode>
      <ItemType>0</ItemType>
      <ItemName>יופלה דיאט עוגת גבינה ותות 0%</ItemName>
      <ManufactureName>תנובה בעמ ***</ManufactureName>
      <ManufactureCountry />
      <ManufactureItemDescription />
      <UnitQty>י"ח</UnitQty>
      <Quantity>150</Quantity>
      <UnitMeasure>ל  מ"ל</UnitMeasure>
      <BisWeighted>0</BisWeighted>
      <QtyInPackage>1</QtyInPackage>
      <ItemPrice>4.80</ItemPrice>
      <UnitOfMeasurePrice>3.20</UnitOfMeasurePrice>
      <AllowDiscount>0</AllowDiscount>
      <itemStatus>1</itemStatus>
      <LastUpdateDate />
      <LastUpdateTime />
    </Product>
    <Product>
      <PriceUpdateDate>2013/12/17 15:59</PriceUpdateDate>
      <ItemCode>7290000058580</ItemCode>
      <ItemType>1</ItemType>
      <ItemName>קוקילידה וניל</ItemName>
      <ManufactureName>נגה גלידות</ManufactureName>
      <ManufactureCountry />
      <ManufactureItemDescription />
      <UnitQty>י"ח</UnitQty>
      <Quantity>1</Quantity>
      <UnitMeasure />
      <BisWeighted>0</BisWeighted>
      <QtyInPackage>1</QtyInPackage>
      <ItemPrice>9</ItemPrice>
      <UnitOfMeasurePrice>9</UnitOfMeasurePrice>
      <AllowDiscount>1</AllowDiscount>
      <itemStatus>1</itemStatus>
      <LastUpdateDate />
      <LastUpdateTime />
    </Product>
    <Product>
      <PriceUpdateDate>2016/09/07 10:13</PriceUpdateDate>
      <ItemCode>7290000060088</ItemCode>
      <ItemType>1</ItemType>
      <ItemName>בייגלה מקלות מלוחים 500גרם</ItemName>
      <ManufactureName>קבוצת אוסם סחר-שות.מוגבלת</ManufactureName>
      <ManufactureCountry />
      <ManufactureItemDescription />
      <UnitQty>י"ח</UnitQty>
      <Quantity>500</Quantity>
      <UnitMeasure>ל  גרם</UnitMeasure>
      <BisWeighted>0</BisWeighted>
      <QtyInPackage>1</QtyInPackage>
      <ItemPrice>10.90</ItemPrice>
      <UnitOfMeasurePrice>2.18</UnitOfMeasurePrice>
      <AllowDiscount>0</AllowDiscount>
      <itemStatus>1</itemStatus>
      <LastUpdateDate />
      <LastUpdateTime />
    </Product>
    <Product>
      <PriceUpdateDate>2016/05/31 09:21</PriceUpdateDate>
      <ItemCode>7290000060156</ItemCode>
      <ItemType>1</ItemType>
      <ItemName>אטריות ביצים דקות 200 גרם</ItemName>
      <ManufactureName>קבוצת אוסם סחר-שות.מוגבלת</ManufactureName>
      <ManufactureCountry />
      <ManufactureItemDescription />
      <UnitQty>י"ח</UnitQty>
      <Quantity>200</Quantity>
      <UnitMeasure>ל  גרם</UnitMeasure>
      <BisWeighted>0</BisWeighted>
      <QtyInPackage>1</QtyInPackage>
      <ItemPrice>6.90</ItemPrice>
      <UnitOfMeasurePrice>3.45</UnitOfMeasurePrice>
      <AllowDiscount>1</AllowDiscount>
      <itemStatus>1</itemStatus>
      <LastUpdateDate />
      <LastUpdateTime />
    </Product>
    <Product>
      <PriceUpdateDate>2014/05/04 12:03</PriceUpdateDate>
      <ItemCode>7290000060163</ItemCode>
      <ItemType>1</ItemType>
      <ItemName>72אטריות דקות 400 גרם</ItemName>
      <ManufactureName>קבוצת אוסם סחר-שות.מוגבלת</ManufactureName>
      <ManufactureCountry />
      <ManufactureItemDescription />
      <UnitQty>י"ח</UnitQty>
      <Quantity>400</Quantity>
      <UnitMeasure>ל  גרם</UnitMeasure>
      <BisWeighted>0</BisWeighted>
      <QtyInPackage>1</QtyInPackage>
      <ItemPrice>6.90</ItemPrice>
      <UnitOfMeasurePrice>1.73</UnitOfMeasurePrice>
      <AllowDiscount>1</AllowDiscount>
      <itemStatus>1</itemStatus>
      <LastUpdateDate />
      <LastUpdateTime />
    </Product>
    <Product>
      <PriceUpdateDate>2019/02/11 11:51</PriceUpdateDate>
      <ItemCode>7290000060217</ItemCode>
      <ItemType>1</ItemType>
      <ItemName>מקרוני פרומנטי</ItemName>
      <ManufactureName>קבוצת אוסם סחר-שות.מוגבלת</ManufactureName>
      <ManufactureCountry />
      <ManufactureItemDescription />
      <UnitQty>י"ח</UnitQty>
      <Quantity>500</Quantity>
      <UnitMeasure>ל  גרם</UnitMeasure>
      <BisWeighted>0</BisWeighted>
      <QtyInPackage>1</QtyInPackage>
      <ItemPrice>5.90</ItemPrice>
      <UnitOfMeasurePrice>1.18</UnitOfMeasurePrice>
      <AllowDiscount>0</AllowDiscount>
      <itemStatus>1</itemStatus>
      <LastUpdateDate />
      <LastUpdateTime />
    </Product>
    <Product>
      <PriceUpdateDate>2019/02/11 11:51</PriceUpdateDate>
      <ItemCode>7290000060248</ItemCode>
      <ItemType>1</ItemType>
      <ItemName>פרומנטי פתיתים</ItemName>
      <ManufactureName>קבוצת אוסם סחר-שות.מוגבלת</ManufactureName>
      <ManufactureCountry />
      <ManufactureItemDescription />
      <UnitQty>י"ח</UnitQty>
      <Quantity>500</Quantity>
      <UnitMeasure>ל  גרם</UnitMeasure>
      <BisWeighted>0</BisWeighted>
      <QtyInPackage>1</QtyInPackage>
      <ItemPrice>5.90</ItemPrice>
      <UnitOfMeasurePrice>1.18</UnitOfMeasurePrice>
      <AllowDiscount>0</AllowDiscount>
      <itemStatus>1</itemStatus>
      <LastUpdateDate />
      <LastUpdateTime />
    </Product>
    <Product>
      <PriceUpdateDate>2016/09/28 14:58</PriceUpdateDate>
      <ItemCode>7290000060330</ItemCode>
      <ItemType>1</ItemType>
      <ItemName>לה פסטה פתיתים</ItemName>
      <ManufactureName>קבוצת אוסם סחר-שות.מוגבלת</ManufactureName>
      <ManufactureCountry />
      <ManufactureItemDescription />
      <UnitQty>י"ח</UnitQty>
      <Quantity>500</Quantity>
      <UnitMeasure>ל  גרם</UnitMeasure>
      <BisWeighted>0</BisWeighted>
      <QtyInPackage>1</QtyInPackage>
      <ItemPrice>6.90</ItemPrice>
      <UnitOfMeasurePrice>1.38</UnitOfMeasurePrice>
      <AllowDiscount>1</AllowDiscount>
      <itemStatus>1</itemStatus>
      <LastUpdateDate />
      <LastUpdateTime />
    </Product>
    <Product>
      <PriceUpdateDate>2019/02/11 11:51</PriceUpdateDate>
      <ItemCode>7290000060781</ItemCode>
      <ItemType>1</ItemType>
      <ItemName>פרומנטי פתיתים מסולסלים</ItemName>
      <ManufactureName>קבוצת אוסם סחר-שות.מוגבלת</ManufactureName>
      <ManufactureCountry />
      <ManufactureItemDescription />
      <UnitQty>י"ח</UnitQty>
      <Quantity>500</Quantity>
      <UnitMeasure>ל  גרם</UnitMeasure>
      <BisWeighted>0</BisWeighted>
      <QtyInPackage>1</QtyInPackage>
      <ItemPrice>5.90</ItemPrice>
      <UnitOfMeasurePrice>1.18</UnitOfMeasurePrice>
      <AllowDiscount>0</AllowDiscount>
      <itemStatus>1</itemStatus>
      <LastUpdateDate />
      <LastUpdateTime />
    </Product>
    <Product>
      <PriceUpdateDate>2019/02/11 11:51</PriceUpdateDate>
      <ItemCode>7290000060828</ItemCode>
      <ItemType>1</ItemType>
      <ItemName>פרומנטי  קרניים פתיתים</ItemName>
      <ManufactureName>קבוצת אוסם סחר-שות.מוגבלת</ManufactureName>
      <ManufactureCountry />
      <ManufactureItemDescription />
      <UnitQty>י"ח</UnitQty>
      <Quantity>500</Quantity>
      <UnitMeasure>ל  גרם</UnitMeasure>
      <BisWeighted>0</BisWeighted>
      <QtyInPackage>1</QtyInPackage>
      <ItemPrice>5.90</ItemPrice>
      <UnitOfMeasurePrice>1.18</UnitOfMeasurePrice>
      <AllowDiscount>0</AllowDiscount>
      <itemStatus>1</itemStatus>
      <LastUpdateDate />
      <LastUpdateTime />
    </Product>
    <Product>
      <PriceUpdateDate>2019/02/11 11:51</PriceUpdateDate>
      <ItemCode>7290000060842</ItemCode>
      <ItemType>1</ItemType>
      <ItemName>פרומנטי פת.צדפות</ItemName>
      <ManufactureName>קבוצת אוסם סחר-שות.מוגבלת</ManufactureName>
      <ManufactureCountry />
      <ManufactureItemDescription />
      <UnitQty>י"ח</UnitQty>
      <Quantity>500</Quantity>
      <UnitMeasure>ל  גרם</UnitMeasure>
      <BisWeighted>0</BisWeighted>
      <QtyInPackage>1</QtyInPackage>
      <ItemPrice>5.90</ItemPrice>
      <UnitOfMeasurePrice>1.18</UnitOfMeasurePrice>
      <AllowDiscount>0</AllowDiscount>
      <itemStatus>1</itemStatus>
      <LastUpdateDate />
      <LastUpdateTime />
    </Product>
    <Product>
      <PriceUpdateDate>2019/02/11 11:51</PriceUpdateDate>
      <ItemCode>7290000060859</ItemCode>
      <ItemType>1</ItemType>
      <ItemName>פרומנטי פתיתי צדפות</ItemName>
      <ManufactureName>קבוצת אוסם סחר-שות.מוגבלת</ManufactureName>
      <ManufactureCountry />
      <ManufactureItemDescription />
      <UnitQty>י"ח</UnitQty>
      <Quantity>500</Quantity>
      <UnitMeasure>ל  גרם</UnitMeasure>
      <BisWeighted>0</BisWeighted>
      <QtyInPackage>1</QtyInPackage>
      <ItemPrice>5.90</ItemPrice>
      <UnitOfMeasurePrice>1.18</UnitOfMeasurePrice>
      <AllowDiscount>0</AllowDiscount>
      <itemStatus>1</itemStatus>
      <LastUpdateDate />
      <LastUpdateTime />
    </Product>
    <Product>
      <PriceUpdateDate>2016/09/07 10:02</PriceUpdateDate>
      <ItemCode>60903</ItemCode>
      <ItemType>0</ItemType>
      <ItemName>פתיתים אפויים אורז</ItemName>
      <ManufactureName>קבוצת אוסם סחר-שות.מוגבלת</ManufactureName>
      <ManufactureCountry />
      <ManufactureItemDescription />
      <UnitQty>י"ח</UnitQty>
      <Quantity>500</Quantity>
      <UnitMeasure>ל  גרם</UnitMeasure>
      <BisWeighted>0</BisWeighted>
      <QtyInPackage>1</QtyInPackage>
      <ItemPrice>6.90</ItemPrice>
      <UnitOfMeasurePrice>1.38</UnitOfMeasurePrice>
      <AllowDiscount>1</AllowDiscount>
      <itemStatus>1</itemStatus>
      <LastUpdateDate />
      <LastUpdateTime />
    </Product>
    <Product>
      <PriceUpdateDate>2014/05/04 12:03</PriceUpdateDate>
      <ItemCode>7290000060958</ItemCode>
      <ItemType>1</ItemType>
      <ItemName>איטריות מובחרות</ItemName>
      <ManufactureName>קבוצת אוסם סחר-שות.מוגבלת</ManufactureName>
      <ManufactureCountry />
      <ManufactureItemDescription />
      <UnitQty>י"ח</UnitQty>
      <Quantity>400</Quantity>
      <UnitMeasure>ל  גרם</UnitMeasure>
      <BisWeighted>0</BisWeighted>
      <QtyInPackage>1</QtyInPackage>
      <ItemPrice>6.90</ItemPrice>
      <UnitOfMeasurePrice>1.73</UnitOfMeasurePrice>
      <AllowDiscount>1</AllowDiscount>
      <itemStatus>1</itemStatus>
      <LastUpdateDate />
      <LastUpdateTime />
    </Product>
    <Product>
      <PriceUpdateDate>2014/05/04 12:03</PriceUpdateDate>
      <ItemCode>7290000060965</ItemCode>
      <ItemType>1</ItemType>
      <ItemName>איטריות מובחרות</ItemName>
      <ManufactureName>קבוצת אוסם סחר-שות.מוגבלת</ManufactureName>
      <ManufactureCountry />
      <ManufactureItemDescription />
      <UnitQty>י"ח</UnitQty>
      <Quantity>400</Quantity>
      <UnitMeasure>ל  גרם</UnitMeasure>
      <BisWeighted>0</BisWeighted>
      <QtyInPackage>1</QtyInPackage>
      <ItemPrice>6.90</ItemPrice>
      <UnitOfMeasurePrice>1.73</UnitOfMeasurePrice>
      <AllowDiscount>1</AllowDiscount>
      <itemStatus>1</itemStatus>
      <LastUpdateDate />
      <LastUpdateTime />
    </Product>
    <Product>
      <PriceUpdateDate>2014/05/04 12:03</PriceUpdateDate>
      <ItemCode>7290000060972</ItemCode>
      <ItemType>1</ItemType>
      <ItemName>איטריות דקיקות אסם 400 גרם</ItemName>
      <ManufactureName>קבוצת אוסם סחר-שות.מוגבלת</ManufactureName>
      <ManufactureCountry />
      <ManufactureItemDescription />
      <UnitQty>י"ח</UnitQty>
      <Quantity>400</Quantity>
      <UnitMeasure>ל  גרם</UnitMeasure>
      <BisWeighted>0</BisWeighted>
      <QtyInPackage>1</QtyInPackage>
      <ItemPrice>6.90</ItemPrice>
      <UnitOfMeasurePrice>1.73</UnitOfMeasurePrice>
      <AllowDiscount>1</AllowDiscount>
      <itemStatus>1</itemStatus>
      <LastUpdateDate />
      <LastUpdateTime />
    </Product>
    <Product>
      <PriceUpdateDate>2014/08/11 16:11</PriceUpdateDate>
      <ItemCode>7290000061061</ItemCode>
      <ItemType>1</ItemType>
      <ItemName>קרם קרקר טעם בצל</ItemName>
      <ManufactureName>קבוצת אוסם סחר-שות.מוגבלת</ManufactureName>
      <ManufactureCountry />
      <ManufactureItemDescription />
      <UnitQty>י"ח</UnitQty>
      <Quantity>250</Quantity>
      <UnitMeasure>ל  גרם</UnitMeasure>
      <BisWeighted>0</BisWeighted>
      <QtyInPackage>1</QtyInPackage>
      <ItemPrice>10</ItemPrice>
      <UnitOfMeasurePrice>4</UnitOfMeasurePrice>
      <AllowDiscount>1</AllowDiscount>
      <itemStatus>1</itemStatus>
      <LastUpdateDate />
      <LastUpdateTime />
    </Product>
    <Product>
      <PriceUpdateDate>2014/10/02 20:13</PriceUpdateDate>
      <ItemCode>7290000061085</ItemCode>
      <ItemType>1</ItemType>
      <ItemName>רוטב צ ילי מתוק אוסם</ItemName>
      <ManufactureName>קבוצת אוסם סחר-שות.מוגבלת</ManufactureName>
      <ManufactureCountry />
      <ManufactureItemDescription />
      <UnitQty>י"ח</UnitQty>
      <Quantity>290</Quantity>
      <UnitMeasure>ל  מ"ל</UnitMeasure>
      <BisWeighted>0</BisWeighted>
      <QtyInPackage>1</QtyInPackage>
      <ItemPrice>10.90</ItemPrice>
      <UnitOfMeasurePrice>3.76</UnitOfMeasurePrice>
      <AllowDiscount>1</AllowDiscount>
      <itemStatus>1</itemStatus>
      <LastUpdateDate />
      <LastUpdateTime />
    </Product>
    <Product>
      <PriceUpdateDate>2019/09/11 14:53</PriceUpdateDate>
      <ItemCode>7290000061245</ItemCode>
      <ItemType>1</ItemType>
      <ItemName>עוגיות שוקוציפס אוסם</ItemName>
      <ManufactureName>קבוצת אוסם סחר-שות.מוגבלת</ManufactureName>
      <ManufactureCountry />
      <ManufactureItemDescription />
      <UnitQty>י"ח</UnitQty>
      <Quantity>220</Quantity>
      <UnitMeasure>ל  גרם</UnitMeasure>
      <BisWeighted>0</BisWeighted>
      <QtyInPackage>1</QtyInPackage>
      <ItemPrice>11.90</ItemPrice>
      <UnitOfMeasurePrice>5.41</UnitOfMeasurePrice>
      <AllowDiscount>0</AllowDiscount>
      <itemStatus>1</itemStatus>
      <LastUpdateDate />
      <LastUpdateTime />
    </Product>
    <Product>
      <PriceUpdateDate>2017/04/23 09:20</PriceUpdateDate>
      <ItemCode>7290000061764</ItemCode>
      <ItemType>1</ItemType>
      <ItemName>קפה  רד מאג 200גר`</ItemName>
      <ManufactureName>קבוצת אוסם סחר-שות.מוגבלת</ManufactureName>
      <ManufactureCountry />
      <ManufactureItemDescription />
      <UnitQty>י"ח</UnitQty>
      <Quantity>200</Quantity>
      <UnitMeasure>ל  גרם</UnitMeasure>
      <BisWeighted>0</BisWeighted>
      <QtyInPackage>1</QtyInPackage>
      <ItemPrice>23.90</ItemPrice>
      <UnitOfMeasurePrice>11.95</UnitOfMeasurePrice>
      <AllowDiscount>0</AllowDiscount>
      <itemStatus>1</itemStatus>
      <LastUpdateDate />
      <LastUpdateTime />
    </Product>
    <Product>
      <PriceUpdateDate>2015/07/20 09:03</PriceUpdateDate>
      <ItemCode>62129</ItemCode>
      <ItemType>0</ItemType>
      <ItemName>פודינג אינסטנט וניל  1 ק"ג</ItemName>
      <ManufactureName>קבוצת אוסם סחר-שות.מוגבלת</ManufactureName>
      <ManufactureCountry />
      <ManufactureItemDescription />
      <UnitQty>י"ח</UnitQty>
      <Quantity>1</Quantity>
      <UnitMeasure>ק"ג</UnitMeasure>
      <BisWeighted>0</BisWeighted>
      <QtyInPackage>1</QtyInPackage>
      <ItemPrice>24.90</ItemPrice>
      <UnitOfMeasurePrice>24.90</UnitOfMeasurePrice>
      <AllowDiscount>0</AllowDiscount>
      <itemStatus>1</itemStatus>
      <LastUpdateDate />
      <LastUpdateTime />
    </Product>
    <Product>
      <PriceUpdateDate>2013/12/03 11:40</PriceUpdateDate>
      <ItemCode>7290000062952</ItemCode>
      <ItemType>1</ItemType>
      <ItemName>מיני קרוטונים למרק ולסלט</ItemName>
      <ManufactureName>קבוצת אוסם סחר-שות.מוגבלת</ManufactureName>
      <ManufactureCountry />
      <ManufactureItemDescription />
      <UnitQty>י"ח</UnitQty>
      <Quantity>250</Quantity>
      <UnitMeasure>ל  גרם</UnitMeasure>
      <BisWeighted>0</BisWeighted>
      <QtyInPackage>1</QtyInPackage>
      <ItemPrice>15</ItemPrice>
      <UnitOfMeasurePrice>6</UnitOfMeasurePrice>
      <AllowDiscount>0</AllowDiscount>
      <itemStatus>1</itemStatus>
      <LastUpdateDate />
      <LastUpdateTime />
    </Product>
    <Product>
      <PriceUpdateDate>2014/06/29 11:25</PriceUpdateDate>
      <ItemCode>7290000063102</ItemCode>
      <ItemType>1</ItemType>
      <ItemName>קמח תופח 350גרם</ItemName>
      <ManufactureName>קבוצת אוסם סחר-שות.מוגבלת</ManufactureName>
      <ManufactureCountry />
      <ManufactureItemDescription />
      <UnitQty>י"ח</UnitQty>
      <Quantity>350</Quantity>
      <UnitMeasure>ל  גרם</UnitMeasure>
      <BisWeighted>0</BisWeighted>
      <QtyInPackage>1</QtyInPackage>
      <ItemPrice>4.80</ItemPrice>
      <UnitOfMeasurePrice>1.37</UnitOfMeasurePrice>
      <AllowDiscount>0</AllowDiscount>
      <itemStatus>1</itemStatus>
      <LastUpdateDate />
      <LastUpdateTime />
    </Product>
    <Product>
      <PriceUpdateDate>2017/05/09 18:03</PriceUpdateDate>
      <ItemCode>7290000063157</ItemCode>
      <ItemType>1</ItemType>
      <ItemName>קמח עוגה תופח 1 ק"ג</ItemName>
      <ManufactureName>קבוצת אוסם סחר-שות.מוגבלת</ManufactureName>
      <ManufactureCountry />
      <ManufactureItemDescription />
      <UnitQty>י"ח</UnitQty>
      <Quantity>1</Quantity>
      <UnitMeasure>ק"ג</UnitMeasure>
      <BisWeighted>0</BisWeighted>
      <QtyInPackage>1</QtyInPackage>
      <ItemPrice>9.90</ItemPrice>
      <UnitOfMeasurePrice>9.90</UnitOfMeasurePrice>
      <AllowDiscount>0</AllowDiscount>
      <itemStatus>1</itemStatus>
      <LastUpdateDate />
      <LastUpdateTime />
    </Product>
    <Product>
      <PriceUpdateDate>2016/03/27 17:49</PriceUpdateDate>
      <ItemCode>7290000064758</ItemCode>
      <ItemType>1</ItemType>
      <ItemName>קוסקוס 350 גרם</ItemName>
      <ManufactureName>קבוצת אוסם סחר-שות.מוגבלת</ManufactureName>
      <ManufactureCountry />
      <ManufactureItemDescription />
      <UnitQty>י"ח</UnitQty>
      <Quantity>350</Quantity>
      <UnitMeasure>ל  גרם</UnitMeasure>
      <BisWeighted>0</BisWeighted>
      <QtyInPackage>1</QtyInPackage>
      <ItemPrice>7.90</ItemPrice>
      <UnitOfMeasurePrice>2.26</UnitOfMeasurePrice>
      <AllowDiscount>0</AllowDiscount>
      <itemStatus>1</itemStatus>
      <LastUpdateDate />
      <LastUpdateTime />
    </Product>
    <Product>
      <PriceUpdateDate>2013/06/04 14:51</PriceUpdateDate>
      <ItemCode>7290000065090</ItemCode>
      <ItemType>1</ItemType>
      <ItemName>מיני קרוטונים למרק וסלט</ItemName>
      <ManufactureName>קבוצת אוסם סחר-שות.מוגבלת</ManufactureName>
      <ManufactureCountry />
      <ManufactureItemDescription />
      <UnitQty>י"ח</UnitQty>
      <Quantity>400</Quantity>
      <UnitMeasure>ל  גרם</UnitMeasure>
      <BisWeighted>0</BisWeighted>
      <QtyInPackage>1</QtyInPackage>
      <ItemPrice>24.20</ItemPrice>
      <UnitOfMeasurePrice>6.05</UnitOfMeasurePrice>
      <AllowDiscount>0</AllowDiscount>
      <itemStatus>1</itemStatus>
      <LastUpdateDate />
      <LastUpdateTime />
    </Product>
    <Product>
      <PriceUpdateDate>2020/04/06 13:31</PriceUpdateDate>
      <ItemCode>65248</ItemCode>
      <ItemType>0</ItemType>
      <ItemName>כרעיים עוף מוזל טרי</ItemName>
      <ManufactureName>ח.י. מעדני גורמה בעמ</ManufactureName>
      <ManufactureCountry />
      <ManufactureItemDescription />
      <UnitQty>ק"ג</UnitQty>
      <Quantity>1</Quantity>
      <UnitMeasure />
      <BisWeighted>1</BisWeighted>
      <QtyInPackage>1</QtyInPackage>
      <ItemPrice>29.90</ItemPrice>
      <UnitOfMeasurePrice>29.90</UnitOfMeasurePrice>
      <AllowDiscount>1</AllowDiscount>
      <itemStatus>1</itemStatus>
      <LastUpdateDate />
      <LastUpdateTime />
    </Product>
    <Product>
      <PriceUpdateDate>2020/04/06 13:31</PriceUpdateDate>
      <ItemCode>65249</ItemCode>
      <ItemType>0</ItemType>
      <ItemName>שניצל עוף מוזל  טרי</ItemName>
      <ManufactureName>ח.י. מעדני גורמה בעמ</ManufactureName>
      <ManufactureCountry />
      <ManufactureItemDescription />
      <UnitQty>ק"ג</UnitQty>
      <Quantity>1</Quantity>
      <UnitMeasure />
      <BisWeighted>1</BisWeighted>
      <QtyInPackage>1</QtyInPackage>
      <ItemPrice>46.80</ItemPrice>
      <UnitOfMeasurePrice>46.80</UnitOfMeasurePrice>
      <AllowDiscount>1</AllowDiscount>
      <itemStatus>1</itemStatus>
      <LastUpdateDate />
      <LastUpdateTime />
    </Product>
    <Product>
      <PriceUpdateDate>2019/02/11 11:51</PriceUpdateDate>
      <ItemCode>7290000065540</ItemCode>
      <ItemType>1</ItemType>
      <ItemName>מנה חמה איטריות</ItemName>
      <ManufactureName>קבוצת אוסם סחר-שות.מוגבלת</ManufactureName>
      <ManufactureCountry />
      <ManufactureItemDescription />
      <UnitQty>י"ח</UnitQty>
      <Quantity>55</Quantity>
      <UnitMeasure>ל  גרם</UnitMeasure>
      <BisWeighted>0</BisWeighted>
      <QtyInPackage>1</QtyInPackage>
      <ItemPrice>5.90</ItemPrice>
      <UnitOfMeasurePrice>10.73</UnitOfMeasurePrice>
      <AllowDiscount>0</AllowDiscount>
      <itemStatus>1</itemStatus>
      <LastUpdateDate />
      <LastUpdateTime />
    </Product>
    <Product>
      <PriceUpdateDate>2019/02/11 11:51</PriceUpdateDate>
      <ItemCode>7290000065557</ItemCode>
      <ItemType>1</ItemType>
      <ItemName>מנה חמה-קוסקוס</ItemName>
      <ManufactureName>קבוצת אוסם סחר-שות.מוגבלת</ManufactureName>
      <ManufactureCountry />
      <ManufactureItemDescription />
      <UnitQty>י"ח</UnitQty>
      <Quantity>50</Quantity>
      <UnitMeasure>ל  גרם</UnitMeasure>
      <BisWeighted>0</BisWeighted>
      <QtyInPackage>1</QtyInPackage>
      <ItemPrice>5.90</ItemPrice>
      <UnitOfMeasurePrice>11.80</UnitOfMeasurePrice>
      <AllowDiscount>0</AllowDiscount>
      <itemStatus>1</itemStatus>
      <LastUpdateDate />
      <LastUpdateTime />
    </Product>
    <Product>
      <PriceUpdateDate>2013/12/03 09:58</PriceUpdateDate>
      <ItemCode>7290000065748</ItemCode>
      <ItemType>1</ItemType>
      <ItemName>ויטמינצי ק אננס</ItemName>
      <ManufactureName>קבוצת אוסם סחר-שות.מוגבלת</ManufactureName>
      <ManufactureCountry />
      <ManufactureItemDescription />
      <UnitQty>י"ח</UnitQty>
      <Quantity>1</Quantity>
      <UnitMeasure>ליטר</UnitMeasure>
      <BisWeighted>0</BisWeighted>
      <QtyInPackage>1</QtyInPackage>
      <ItemPrice>13</ItemPrice>
      <UnitOfMeasurePrice>13</UnitOfMeasurePrice>
      <AllowDiscount>0</AllowDiscount>
      <itemStatus>1</itemStatus>
      <LastUpdateDate />
      <LastUpdateTime />
    </Product>
    <Product>
      <PriceUpdateDate>2014/05/04 12:18</PriceUpdateDate>
      <ItemCode>65977</ItemCode>
      <ItemType>0</ItemType>
      <ItemName>חטיפי פריכונים תירס שומשום 80 ג`</ItemName>
      <ManufactureName>קבוצת אוסם סחר-שות.מוגבלת</ManufactureName>
      <ManufactureCountry />
      <ManufactureItemDescription />
      <UnitQty>י"ח</UnitQty>
      <Quantity>800</Quantity>
      <UnitMeasure>ל  גרם</UnitMeasure>
      <BisWeighted>0</BisWeighted>
      <QtyInPackage>1</QtyInPackage>
      <ItemPrice>7.60</ItemPrice>
      <UnitOfMeasurePrice>0.95</UnitOfMeasurePrice>
      <AllowDiscount>1</AllowDiscount>
      <itemStatus>1</itemStatus>
      <LastUpdateDate />
      <LastUpdateTime />
    </Product>
    <Product>
      <PriceUpdateDate>2019/07/02 09:07</PriceUpdateDate>
      <ItemCode>7290000066134</ItemCode>
      <ItemType>1</ItemType>
      <ItemName>ביסלי  פלאפל}קטן{</ItemName>
      <ManufactureName>קבוצת אוסם סחר-שות.מוגבלת</ManufactureName>
      <ManufactureCountry />
      <ManufactureItemDescription />
      <UnitQty>י"ח</UnitQty>
      <Quantity>70</Quantity>
      <UnitMeasure>ל  גרם</UnitMeasure>
      <BisWeighted>0</BisWeighted>
      <QtyInPackage>1</QtyInPackage>
      <ItemPrice>3.90</ItemPrice>
      <UnitOfMeasurePrice>5.57</UnitOfMeasurePrice>
      <AllowDiscount>1</AllowDiscount>
      <itemStatus>1</itemStatus>
      <LastUpdateDate />
      <LastUpdateTime />
    </Product>
    <Product>
      <PriceUpdateDate>2019/07/02 09:07</PriceUpdateDate>
      <ItemCode>7290000066158</ItemCode>
      <ItemType>1</ItemType>
      <ItemName>ביסלי  בצל}קטן{</ItemName>
      <ManufactureName>קבוצת אוסם סחר-שות.מוגבלת</ManufactureName>
      <ManufactureCountry />
      <ManufactureItemDescription />
      <UnitQty>י"ח</UnitQty>
      <Quantity>70</Quantity>
      <UnitMeasure>ל  גרם</UnitMeasure>
      <BisWeighted>0</BisWeighted>
      <QtyInPackage>1</QtyInPackage>
      <ItemPrice>3.90</ItemPrice>
      <UnitOfMeasurePrice>5.57</UnitOfMeasurePrice>
      <AllowDiscount>1</AllowDiscount>
      <itemStatus>1</itemStatus>
      <LastUpdateDate />
      <LastUpdateTime />
    </Product>
    <Product>
      <PriceUpdateDate>2019/07/02 09:07</PriceUpdateDate>
      <ItemCode>7290000066165</ItemCode>
      <ItemType>1</ItemType>
      <ItemName>ביסלי  ברביקיו}קטן{</ItemName>
      <ManufactureName>קבוצת אוסם סחר-שות.מוגבלת</ManufactureName>
      <ManufactureCountry />
      <ManufactureItemDescription />
      <UnitQty>י"ח</UnitQty>
      <Quantity>70</Quantity>
      <UnitMeasure>ל  גרם</UnitMeasure>
      <BisWeighted>0</BisWeighted>
      <QtyInPackage>1</QtyInPackage>
      <ItemPrice>3.90</ItemPrice>
      <UnitOfMeasurePrice>5.57</UnitOfMeasurePrice>
      <AllowDiscount>1</AllowDiscount>
      <itemStatus>1</itemStatus>
      <LastUpdateDate />
      <LastUpdateTime />
    </Product>
    <Product>
      <PriceUpdateDate>2019/07/02 09:07</PriceUpdateDate>
      <ItemCode>7290000066172</ItemCode>
      <ItemType>1</ItemType>
      <ItemName>ביסלי בצל  פיצה(קטן{</ItemName>
      <ManufactureName>קבוצת אוסם סחר-שות.מוגבלת</ManufactureName>
      <ManufactureCountry />
      <ManufactureItemDescription />
      <UnitQty>י"ח</UnitQty>
      <Quantity>70</Quantity>
      <UnitMeasure>ל  גרם</UnitMeasure>
      <BisWeighted>0</BisWeighted>
      <QtyInPackage>1</QtyInPackage>
      <ItemPrice>3.90</ItemPrice>
      <UnitOfMeasurePrice>5.57</UnitOfMeasurePrice>
      <AllowDiscount>1</AllowDiscount>
      <itemStatus>1</itemStatus>
      <LastUpdateDate />
      <LastUpdateTime />
    </Product>
    <Product>
      <PriceUpdateDate>2019/07/02 09:07</PriceUpdateDate>
      <ItemCode>7290000066295</ItemCode>
      <ItemType>1</ItemType>
      <ItemName>במבה תות 25 גרם</ItemName>
      <ManufactureName>קבוצת אוסם סחר-שות.מוגבלת</ManufactureName>
      <ManufactureCountry />
      <ManufactureItemDescription />
      <UnitQty>י"ח</UnitQty>
      <Quantity>30</Quantity>
      <UnitMeasure>ל  גרם</UnitMeasure>
      <BisWeighted>0</BisWeighted>
      <QtyInPackage>1</QtyInPackage>
      <ItemPrice>2.90</ItemPrice>
      <UnitOfMeasurePrice>9.67</UnitOfMeasurePrice>
      <AllowDiscount>0</AllowDiscount>
      <itemStatus>1</itemStatus>
      <LastUpdateDate />
      <LastUpdateTime />
    </Product>
    <Product>
      <PriceUpdateDate>2019/01/08 15:03</PriceUpdateDate>
      <ItemCode>7290000066318</ItemCode>
      <ItemType>1</ItemType>
      <ItemName>במבה אסם{</ItemName>
      <ManufactureName>קבוצת אוסם סחר-שות.מוגבלת</ManufactureName>
      <ManufactureCountry />
      <ManufactureItemDescription />
      <UnitQty>י"ח</UnitQty>
      <Quantity>80</Quantity>
      <UnitMeasure>ל  גרם</UnitMeasure>
      <BisWeighted>0</BisWeighted>
      <QtyInPackage>1</QtyInPackage>
      <ItemPrice>4.40</ItemPrice>
      <UnitOfMeasurePrice>5.50</UnitOfMeasurePrice>
      <AllowDiscount>1</AllowDiscount>
      <itemStatus>1</itemStatus>
      <LastUpdateDate />
      <LastUpdateTime />
    </Product>
    <Product>
      <PriceUpdateDate>2019/07/02 09:07</PriceUpdateDate>
      <ItemCode>7290000066431</ItemCode>
      <ItemType>1</ItemType>
      <ItemName>פופקו חמאה ודבש</ItemName>
      <ManufactureName>קבוצת אוסם סחר-שות.מוגבלת</ManufactureName>
      <ManufactureCountry />
      <ManufactureItemDescription />
      <UnitQty>י"ח</UnitQty>
      <Quantity>80</Quantity>
      <UnitMeasure>ל  גרם</UnitMeasure>
      <BisWeighted>0</BisWeighted>
      <QtyInPackage>1</QtyInPackage>
      <ItemPrice>5</ItemPrice>
      <UnitOfMeasurePrice>6.25</UnitOfMeasurePrice>
      <AllowDiscount>1</AllowDiscount>
      <itemStatus>1</itemStatus>
      <LastUpdateDate />
      <LastUpdateTime />
    </Product>
    <Product>
      <PriceUpdateDate>2013/12/03 09:58</PriceUpdateDate>
      <ItemCode>7290000066943</ItemCode>
      <ItemType>1</ItemType>
      <ItemName>ויטמינצ יק ענבים 1 ליטר</ItemName>
      <ManufactureName>קבוצת אוסם סחר-שות.מוגבלת</ManufactureName>
      <ManufactureCountry />
      <ManufactureItemDescription />
      <UnitQty>י"ח</UnitQty>
      <Quantity>1</Quantity>
      <UnitMeasure>ליטר</UnitMeasure>
      <BisWeighted>0</BisWeighted>
      <QtyInPackage>1</QtyInPackage>
      <ItemPrice>13</ItemPrice>
      <UnitOfMeasurePrice>13</UnitOfMeasurePrice>
      <AllowDiscount>0</AllowDiscount>
      <itemStatus>1</itemStatus>
      <LastUpdateDate />
      <LastUpdateTime />
    </Product>
    <Product>
      <PriceUpdateDate>2013/12/03 09:58</PriceUpdateDate>
      <ItemCode>7290000066950</ItemCode>
      <ItemType>1</ItemType>
      <ItemName>ויטמינצי ק תפוח</ItemName>
      <ManufactureName>קבוצת אוסם סחר-שות.מוגבלת</ManufactureName>
      <ManufactureCountry />
      <ManufactureItemDescription />
      <UnitQty>י"ח</UnitQty>
      <Quantity>1</Quantity>
      <UnitMeasure>ליטר</UnitMeasure>
      <BisWeighted>0</BisWeighted>
      <QtyInPackage>1</QtyInPackage>
      <ItemPrice>13</ItemPrice>
      <UnitOfMeasurePrice>13</UnitOfMeasurePrice>
      <AllowDiscount>0</AllowDiscount>
      <itemStatus>1</itemStatus>
      <LastUpdateDate />
      <LastUpdateTime />
    </Product>
    <Product>
      <PriceUpdateDate>2014/05/04 17:22</PriceUpdateDate>
      <ItemCode>7290000067070</ItemCode>
      <ItemType>1</ItemType>
      <ItemName>משהו משהו עוגיות מיני</ItemName>
      <ManufactureName>קבוצת אוסם סחר-שות.מוגבלת</ManufactureName>
      <ManufactureCountry />
      <ManufactureItemDescription />
      <UnitQty>י"ח</UnitQty>
      <Quantity>300</Quantity>
      <UnitMeasure>ל  גרם</UnitMeasure>
      <BisWeighted>0</BisWeighted>
      <QtyInPackage>1</QtyInPackage>
      <ItemPrice>11.90</ItemPrice>
      <UnitOfMeasurePrice>3.97</UnitOfMeasurePrice>
      <AllowDiscount>0</AllowDiscount>
      <itemStatus>1</itemStatus>
      <LastUpdateDate />
      <LastUpdateTime />
    </Product>
    <Product>
      <PriceUpdateDate>2017/02/10 08:41</PriceUpdateDate>
      <ItemCode>67131</ItemCode>
      <ItemType>0</ItemType>
      <ItemName>ג`לי בזק תות 90 גר`כל"פ</ItemName>
      <ManufactureName>קבוצת אוסם סחר-שות.מוגבלת</ManufactureName>
      <ManufactureCountry />
      <ManufactureItemDescription />
      <UnitQty>י"ח</UnitQty>
      <Quantity>90</Quantity>
      <UnitMeasure>ל  גרם</UnitMeasure>
      <BisWeighted>0</BisWeighted>
      <QtyInPackage>1</QtyInPackage>
      <ItemPrice>6.90</ItemPrice>
      <UnitOfMeasurePrice>7.67</UnitOfMeasurePrice>
      <AllowDiscount>0</AllowDiscount>
      <itemStatus>1</itemStatus>
      <LastUpdateDate />
      <LastUpdateTime />
    </Product>
    <Product>
      <PriceUpdateDate>2013/12/03 12:22</PriceUpdateDate>
      <ItemCode>7290000067407</ItemCode>
      <ItemType>1</ItemType>
      <ItemName>פירורית מתובלת</ItemName>
      <ManufactureName>קבוצת אוסם סחר-שות.מוגבלת</ManufactureName>
      <ManufactureCountry />
      <ManufactureItemDescription />
      <UnitQty>י"ח</UnitQty>
      <Quantity>200</Quantity>
      <UnitMeasure>ל  גרם</UnitMeasure>
      <BisWeighted>0</BisWeighted>
      <QtyInPackage>1</QtyInPackage>
      <ItemPrice>6.60</ItemPrice>
      <UnitOfMeasurePrice>3.30</UnitOfMeasurePrice>
      <AllowDiscount>0</AllowDiscount>
      <itemStatus>1</itemStatus>
      <LastUpdateDate />
      <LastUpdateTime />
    </Product>
    <Product>
      <PriceUpdateDate>2015/08/04 12:49</PriceUpdateDate>
      <ItemCode>67537</ItemCode>
      <ItemType>0</ItemType>
      <ItemName>ביסלי 70 גר`כל"פ</ItemName>
      <ManufactureName>קבוצת אוסם סחר-שות.מוגבלת</ManufactureName>
      <ManufactureCountry />
      <ManufactureItemDescription />
      <UnitQty>י"ח</UnitQty>
      <Quantity>70</Quantity>
      <UnitMeasure>ל  גרם</UnitMeasure>
      <BisWeighted>0</BisWeighted>
      <QtyInPackage>1</QtyInPackage>
      <ItemPrice>3.90</ItemPrice>
      <UnitOfMeasurePrice>5.57</UnitOfMeasurePrice>
      <AllowDiscount>1</AllowDiscount>
      <itemStatus>1</itemStatus>
      <LastUpdateDate />
      <LastUpdateTime />
    </Product>
    <Product>
      <PriceUpdateDate>2013/12/03 12:22</PriceUpdateDate>
      <ItemCode>67544</ItemCode>
      <ItemType>0</ItemType>
      <ItemName>פירורית זהב 200 ג</ItemName>
      <ManufactureName>קבוצת אוסם סחר-שות.מוגבלת</ManufactureName>
      <ManufactureCountry />
      <ManufactureItemDescription />
      <UnitQty>י"ח</UnitQty>
      <Quantity>200</Quantity>
      <UnitMeasure>ל  גרם</UnitMeasure>
      <BisWeighted>0</BisWeighted>
      <QtyInPackage>1</QtyInPackage>
      <ItemPrice>6.60</ItemPrice>
      <UnitOfMeasurePrice>3.30</UnitOfMeasurePrice>
      <AllowDiscount>0</AllowDiscount>
      <itemStatus>1</itemStatus>
      <LastUpdateDate />
      <LastUpdateTime />
    </Product>
    <Product>
      <PriceUpdateDate>2017/05/04 08:49</PriceUpdateDate>
      <ItemCode>67551</ItemCode>
      <ItemType>0</ItemType>
      <ItemName>ביסלי 70 גר`כשל"פ</ItemName>
      <ManufactureName>קבוצת אוסם סחר-שות.מוגבלת</ManufactureName>
      <ManufactureCountry />
      <ManufactureItemDescription />
      <UnitQty>י"ח</UnitQty>
      <Quantity>70</Quantity>
      <UnitMeasure>ל  גרם</UnitMeasure>
      <BisWeighted>0</BisWeighted>
      <QtyInPackage>1</QtyInPackage>
      <ItemPrice>3.90</ItemPrice>
      <UnitOfMeasurePrice>5.57</UnitOfMeasurePrice>
      <AllowDiscount>1</AllowDiscount>
      <itemStatus>1</itemStatus>
      <LastUpdateDate />
      <LastUpdateTime />
    </Product>
    <Product>
      <PriceUpdateDate>2016/03/07 16:19</PriceUpdateDate>
      <ItemCode>68084</ItemCode>
      <ItemType>0</ItemType>
      <ItemName>פתי בר 1.750 אסם</ItemName>
      <ManufactureName>קבוצת אוסם סחר-שות.מוגבלת</ManufactureName>
      <ManufactureCountry />
      <ManufactureItemDescription />
      <UnitQty>י"ח</UnitQty>
      <Quantity>1.75</Quantity>
      <UnitMeasure>ק"ג</UnitMeasure>
      <BisWeighted>0</BisWeighted>
      <QtyInPackage>1</QtyInPackage>
      <ItemPrice>23.90</ItemPrice>
      <UnitOfMeasurePrice>13.66</UnitOfMeasurePrice>
      <AllowDiscount>0</AllowDiscount>
      <itemStatus>1</itemStatus>
      <LastUpdateDate />
      <LastUpdateTime />
    </Product>
    <Product>
      <PriceUpdateDate>2014/10/02 20:16</PriceUpdateDate>
      <ItemCode>7290000068138</ItemCode>
      <ItemType>1</ItemType>
      <ItemName>פודינג  וניל 80 ג אסם</ItemName>
      <ManufactureName>קבוצת אוסם סחר-שות.מוגבלת</ManufactureName>
      <ManufactureCountry />
      <ManufactureItemDescription />
      <UnitQty>י"ח</UnitQty>
      <Quantity>80</Quantity>
      <UnitMeasure>ל  גרם</UnitMeasure>
      <BisWeighted>0</BisWeighted>
      <QtyInPackage>1</QtyInPackage>
      <ItemPrice>5</ItemPrice>
      <UnitOfMeasurePrice>6.25</UnitOfMeasurePrice>
      <AllowDiscount>1</AllowDiscount>
      <itemStatus>1</itemStatus>
      <LastUpdateDate />
      <LastUpdateTime />
    </Product>
    <Product>
      <PriceUpdateDate>2017/02/10 08:41</PriceUpdateDate>
      <ItemCode>68152</ItemCode>
      <ItemType>0</ItemType>
      <ItemName>רוטב צ`לי כשל"פ</ItemName>
      <ManufactureName>קבוצת אוסם סחר-שות.מוגבלת</ManufactureName>
      <ManufactureCountry />
      <ManufactureItemDescription />
      <UnitQty>י"ח</UnitQty>
      <Quantity>1</Quantity>
      <UnitMeasure />
      <BisWeighted>0</BisWeighted>
      <QtyInPackage>1</QtyInPackage>
      <ItemPrice>4.90</ItemPrice>
      <UnitOfMeasurePrice>4.90</UnitOfMeasurePrice>
      <AllowDiscount>0</AllowDiscount>
      <itemStatus>1</itemStatus>
      <LastUpdateDate />
      <LastUpdateTime />
    </Product>
    <Product>
      <PriceUpdateDate>2019/02/11 11:51</PriceUpdateDate>
      <ItemCode>68299</ItemCode>
      <ItemType>0</ItemType>
      <ItemName>מנה חמה כשל"פ</ItemName>
      <ManufactureName>קבוצת אוסם סחר-שות.מוגבלת</ManufactureName>
      <ManufactureCountry />
      <ManufactureItemDescription />
      <UnitQty>י"ח</UnitQty>
      <Quantity>1</Quantity>
      <UnitMeasure />
      <BisWeighted>0</BisWeighted>
      <QtyInPackage>1</QtyInPackage>
      <ItemPrice>5.90</ItemPrice>
      <UnitOfMeasurePrice>5.90</UnitOfMeasurePrice>
      <AllowDiscount>0</AllowDiscount>
      <itemStatus>1</itemStatus>
      <LastUpdateDate />
      <LastUpdateTime />
    </Product>
    <Product>
      <PriceUpdateDate>2013/12/03 13:39</PriceUpdateDate>
      <ItemCode>7290000068701</ItemCode>
      <ItemType>1</ItemType>
      <ItemName>שקדי מרק  אוסם במיכל</ItemName>
      <ManufactureName>קבוצת אוסם סחר-שות.מוגבלת</ManufactureName>
      <ManufactureCountry />
      <ManufactureItemDescription />
      <UnitQty>י"ח</UnitQty>
      <Quantity>400</Quantity>
      <UnitMeasure>ל  גרם</UnitMeasure>
      <BisWeighted>0</BisWeighted>
      <QtyInPackage>1</QtyInPackage>
      <ItemPrice>16.50</ItemPrice>
      <UnitOfMeasurePrice>4.13</UnitOfMeasurePrice>
      <AllowDiscount>0</AllowDiscount>
      <itemStatus>1</itemStatus>
      <LastUpdateDate />
      <LastUpdateTime />
    </Product>
    <Product>
      <PriceUpdateDate>2016/09/28 14:58</PriceUpdateDate>
      <ItemCode>7290000069258</ItemCode>
      <ItemType>1</ItemType>
      <ItemName>פרפקטו פנה ריגאט</ItemName>
      <ManufactureName>קבוצת אוסם סחר-שות.מוגבלת</ManufactureName>
      <ManufactureCountry />
      <ManufactureItemDescription />
      <UnitQty>י"ח</UnitQty>
      <Quantity>500</Quantity>
      <UnitMeasure>ל  גרם</UnitMeasure>
      <BisWeighted>0</BisWeighted>
      <QtyInPackage>1</QtyInPackage>
      <ItemPrice>6.90</ItemPrice>
      <UnitOfMeasurePrice>1.38</UnitOfMeasurePrice>
      <AllowDiscount>1</AllowDiscount>
      <itemStatus>1</itemStatus>
      <LastUpdateDate />
      <LastUpdateTime />
    </Product>
    <Product>
      <PriceUpdateDate>2019/10/02 10:41</PriceUpdateDate>
      <ItemCode>7290000069364</ItemCode>
      <ItemType>1</ItemType>
      <ItemName>~פריכונים מאורז מלא 140 ג`</ItemName>
      <ManufactureName>קבוצת אוסם סחר-שות.מוגבלת</ManufactureName>
      <ManufactureCountry />
      <ManufactureItemDescription />
      <UnitQty>י"ח</UnitQty>
      <Quantity>140</Quantity>
      <UnitMeasure>ל  גרם</UnitMeasure>
      <BisWeighted>0</BisWeighted>
      <QtyInPackage>1</QtyInPackage>
      <ItemPrice>7.90</ItemPrice>
      <UnitOfMeasurePrice>5.64</UnitOfMeasurePrice>
      <AllowDiscount>0</AllowDiscount>
      <itemStatus>1</itemStatus>
      <LastUpdateDate />
      <LastUpdateTime />
    </Product>
    <Product>
      <PriceUpdateDate>2016/09/04 17:00</PriceUpdateDate>
      <ItemCode>69609</ItemCode>
      <ItemType>0</ItemType>
      <ItemName>חטיפי קרקר זעתר 300גר`</ItemName>
      <ManufactureName>קבוצת אוסם סחר-שות.מוגבלת</ManufactureName>
      <ManufactureCountry />
      <ManufactureItemDescription />
      <UnitQty>י"ח</UnitQty>
      <Quantity>300</Quantity>
      <UnitMeasure>ל  גרם</UnitMeasure>
      <BisWeighted>0</BisWeighted>
      <QtyInPackage>1</QtyInPackage>
      <ItemPrice>11.90</ItemPrice>
      <UnitOfMeasurePrice>3.97</UnitOfMeasurePrice>
      <AllowDiscount>1</AllowDiscount>
      <itemStatus>1</itemStatus>
      <LastUpdateDate />
      <LastUpdateTime />
    </Product>
    <Product>
      <PriceUpdateDate>2014/05/04 17:15</PriceUpdateDate>
      <ItemCode>7290000070384</ItemCode>
      <ItemType>1</ItemType>
      <ItemName>מרק עדיף 400 ג</ItemName>
      <ManufactureName>קבוצת אוסם סחר-שות.מוגבלת</ManufactureName>
      <ManufactureCountry />
      <ManufactureItemDescription />
      <UnitQty>י"ח</UnitQty>
      <Quantity>400</Quantity>
      <UnitMeasure>ל  גרם</UnitMeasure>
      <BisWeighted>0</BisWeighted>
      <QtyInPackage>1</QtyInPackage>
      <ItemPrice>14.90</ItemPrice>
      <UnitOfMeasurePrice>3.73</UnitOfMeasurePrice>
      <AllowDiscount>0</AllowDiscount>
      <itemStatus>1</itemStatus>
      <LastUpdateDate />
      <LastUpdateTime />
    </Product>
    <Product>
      <PriceUpdateDate>2014/10/02 20:13</PriceUpdateDate>
      <ItemCode>7290000072227</ItemCode>
      <ItemType>1</ItemType>
      <ItemName>רוטב סויה בסגנון אסם</ItemName>
      <ManufactureName>קבוצת אוסם סחר-שות.מוגבלת</ManufactureName>
      <ManufactureCountry />
      <ManufactureItemDescription />
      <UnitQty>י"ח</UnitQty>
      <Quantity>290</Quantity>
      <UnitMeasure>ל  מ"ל</UnitMeasure>
      <BisWeighted>0</BisWeighted>
      <QtyInPackage>1</QtyInPackage>
      <ItemPrice>10.90</ItemPrice>
      <UnitOfMeasurePrice>3.76</UnitOfMeasurePrice>
      <AllowDiscount>1</AllowDiscount>
      <itemStatus>1</itemStatus>
      <LastUpdateDate />
      <LastUpdateTime />
    </Product>
    <Product>
      <PriceUpdateDate>2014/10/02 20:13</PriceUpdateDate>
      <ItemCode>7290000072241</ItemCode>
      <ItemType>1</ItemType>
      <ItemName>רוטב פיצה בקבוק</ItemName>
      <ManufactureName>קבוצת אוסם סחר-שות.מוגבלת</ManufactureName>
      <ManufactureCountry />
      <ManufactureItemDescription />
      <UnitQty>י"ח</UnitQty>
      <Quantity>290</Quantity>
      <UnitMeasure>ל  מ"ל</UnitMeasure>
      <BisWeighted>0</BisWeighted>
      <QtyInPackage>1</QtyInPackage>
      <ItemPrice>10.90</ItemPrice>
      <UnitOfMeasurePrice>3.76</UnitOfMeasurePrice>
      <AllowDiscount>1</AllowDiscount>
      <itemStatus>1</itemStatus>
      <LastUpdateDate />
      <LastUpdateTime />
    </Product>
    <Product>
      <PriceUpdateDate>2015/12/09 11:06</PriceUpdateDate>
      <ItemCode>7290000072777</ItemCode>
      <ItemType>1</ItemType>
      <ItemName>קפה נמס טסטר צוייס ללא קפאין</ItemName>
      <ManufactureName>קבוצת אוסם סחר-שות.מוגבלת</ManufactureName>
      <ManufactureCountry />
      <ManufactureItemDescription />
      <UnitQty>י"ח</UnitQty>
      <Quantity>200</Quantity>
      <UnitMeasure>ל  גרם</UnitMeasure>
      <BisWeighted>0</BisWeighted>
      <QtyInPackage>1</QtyInPackage>
      <ItemPrice>36.90</ItemPrice>
      <UnitOfMeasurePrice>18.45</UnitOfMeasurePrice>
      <AllowDiscount>0</AllowDiscount>
      <itemStatus>1</itemStatus>
      <LastUpdateDate />
      <LastUpdateTime />
    </Product>
    <Product>
      <PriceUpdateDate>2016/07/13 15:13</PriceUpdateDate>
      <ItemCode>7290000072968</ItemCode>
      <ItemType>1</ItemType>
      <ItemName>סיני מיניס 500גרם</ItemName>
      <ManufactureName>קבוצת אוסם סחר-שות.מוגבלת</ManufactureName>
      <ManufactureCountry />
      <ManufactureItemDescription />
      <UnitQty>י"ח</UnitQty>
      <Quantity>375</Quantity>
      <UnitMeasure>ל  גרם</UnitMeasure>
      <BisWeighted>0</BisWeighted>
      <QtyInPackage>1</QtyInPackage>
      <ItemPrice>24.20</ItemPrice>
      <UnitOfMeasurePrice>6.45</UnitOfMeasurePrice>
      <AllowDiscount>1</AllowDiscount>
      <itemStatus>1</itemStatus>
      <LastUpdateDate />
      <LastUpdateTime />
    </Product>
    <Product>
      <PriceUpdateDate>2019/02/11 11:51</PriceUpdateDate>
      <ItemCode>7290000073774</ItemCode>
      <ItemType>1</ItemType>
      <ItemName>מנה חמה אטריות ורוטב צ יל</ItemName>
      <ManufactureName>קבוצת אוסם סחר-שות.מוגבלת</ManufactureName>
      <ManufactureCountry />
      <ManufactureItemDescription />
      <UnitQty>י"ח</UnitQty>
      <Quantity>76</Quantity>
      <UnitMeasure>ל  גרם</UnitMeasure>
      <BisWeighted>0</BisWeighted>
      <QtyInPackage>1</QtyInPackage>
      <ItemPrice>5.90</ItemPrice>
      <UnitOfMeasurePrice>7.76</UnitOfMeasurePrice>
      <AllowDiscount>0</AllowDiscount>
      <itemStatus>1</itemStatus>
      <LastUpdateDate />
      <LastUpdateTime />
    </Product>
    <Product>
      <PriceUpdateDate>2014/08/11 16:11</PriceUpdateDate>
      <ItemCode>7290000074245</ItemCode>
      <ItemType>1</ItemType>
      <ItemName>קרקר 250 ג  מלוח</ItemName>
      <ManufactureName>קבוצת אוסם סחר-שות.מוגבלת</ManufactureName>
      <ManufactureCountry />
      <ManufactureItemDescription />
      <UnitQty>י"ח</UnitQty>
      <Quantity>250</Quantity>
      <UnitMeasure>ל  גרם</UnitMeasure>
      <BisWeighted>0</BisWeighted>
      <QtyInPackage>1</QtyInPackage>
      <ItemPrice>9</ItemPrice>
      <UnitOfMeasurePrice>3.60</UnitOfMeasurePrice>
      <AllowDiscount>1</AllowDiscount>
      <itemStatus>1</itemStatus>
      <LastUpdateDate />
      <LastUpdateTime />
    </Product>
    <Product>
      <PriceUpdateDate>2014/08/11 16:11</PriceUpdateDate>
      <ItemCode>7290000074252</ItemCode>
      <ItemType>1</ItemType>
      <ItemName>קרקר שומשום 250</ItemName>
      <ManufactureName>קבוצת אוסם סחר-שות.מוגבלת</ManufactureName>
      <ManufactureCountry />
      <ManufactureItemDescription />
      <UnitQty>י"ח</UnitQty>
      <Quantity>250</Quantity>
      <UnitMeasure>ל  גרם</UnitMeasure>
      <BisWeighted>0</BisWeighted>
      <QtyInPackage>1</QtyInPackage>
      <ItemPrice>9</ItemPrice>
      <UnitOfMeasurePrice>3.60</UnitOfMeasurePrice>
      <AllowDiscount>1</AllowDiscount>
      <itemStatus>1</itemStatus>
      <LastUpdateDate />
      <LastUpdateTime />
    </Product>
    <Product>
      <PriceUpdateDate>2014/08/11 16:11</PriceUpdateDate>
      <ItemCode>7290000074276</ItemCode>
      <ItemType>1</ItemType>
      <ItemName>קרקר טבעון250 גר פיקנ</ItemName>
      <ManufactureName>קבוצת אוסם סחר-שות.מוגבלת</ManufactureName>
      <ManufactureCountry />
      <ManufactureItemDescription />
      <UnitQty>י"ח</UnitQty>
      <Quantity>250</Quantity>
      <UnitMeasure>ל  גרם</UnitMeasure>
      <BisWeighted>0</BisWeighted>
      <QtyInPackage>1</QtyInPackage>
      <ItemPrice>10</ItemPrice>
      <UnitOfMeasurePrice>4</UnitOfMeasurePrice>
      <AllowDiscount>1</AllowDiscount>
      <itemStatus>1</itemStatus>
      <LastUpdateDate />
      <LastUpdateTime />
    </Product>
    <Product>
      <PriceUpdateDate>2019/07/02 09:42</PriceUpdateDate>
      <ItemCode>7290000074290</ItemCode>
      <ItemType>1</ItemType>
      <ItemName>לחמית סובין 250</ItemName>
      <ManufactureName>קבוצת אוסם סחר-שות.מוגבלת</ManufactureName>
      <ManufactureCountry />
      <ManufactureItemDescription />
      <UnitQty>י"ח</UnitQty>
      <Quantity>250</Quantity>
      <UnitMeasure>ל  גרם</UnitMeasure>
      <BisWeighted>0</BisWeighted>
      <QtyInPackage>1</QtyInPackage>
      <ItemPrice>8.90</ItemPrice>
      <UnitOfMeasurePrice>3.56</UnitOfMeasurePrice>
      <AllowDiscount>1</AllowDiscount>
      <itemStatus>1</itemStatus>
      <LastUpdateDate />
      <LastUpdateTime />
    </Product>
    <Product>
      <PriceUpdateDate>2018/12/25 14:23</PriceUpdateDate>
      <ItemCode>7290000074375</ItemCode>
      <ItemType>1</ItemType>
      <ItemName>קרקר זהב 150 גרם</ItemName>
      <ManufactureName>קבוצת אוסם סחר-שות.מוגבלת</ManufactureName>
      <ManufactureCountry />
      <ManufactureItemDescription />
      <UnitQty>י"ח</UnitQty>
      <Quantity>150</Quantity>
      <UnitMeasure>ל  גרם</UnitMeasure>
      <BisWeighted>0</BisWeighted>
      <QtyInPackage>1</QtyInPackage>
      <ItemPrice>8</ItemPrice>
      <UnitOfMeasurePrice>5.33</UnitOfMeasurePrice>
      <AllowDiscount>1</AllowDiscount>
      <itemStatus>1</itemStatus>
      <LastUpdateDate />
      <LastUpdateTime />
    </Product>
    <Product>
      <PriceUpdateDate>2019/07/02 09:42</PriceUpdateDate>
      <ItemCode>74481</ItemCode>
      <ItemType>0</ItemType>
      <ItemName>לחמית 230גרם</ItemName>
      <ManufactureName>קבוצת אוסם סחר-שות.מוגבלת</ManufactureName>
      <ManufactureCountry />
      <ManufactureItemDescription />
      <UnitQty>י"ח</UnitQty>
      <Quantity>230</Quantity>
      <UnitMeasure>ל  גרם</UnitMeasure>
      <BisWeighted>0</BisWeighted>
      <QtyInPackage>1</QtyInPackage>
      <ItemPrice>8.90</ItemPrice>
      <UnitOfMeasurePrice>3.87</UnitOfMeasurePrice>
      <AllowDiscount>1</AllowDiscount>
      <itemStatus>1</itemStatus>
      <LastUpdateDate />
      <LastUpdateTime />
    </Product>
    <Product>
      <PriceUpdateDate>2018/02/07 12:14</PriceUpdateDate>
      <ItemCode>7290000074696</ItemCode>
      <ItemType>1</ItemType>
      <ItemName>קרם קרקר 1 ק"ג</ItemName>
      <ManufactureName>קבוצת אוסם סחר-שות.מוגבלת</ManufactureName>
      <ManufactureCountry />
      <ManufactureItemDescription />
      <UnitQty>י"ח</UnitQty>
      <Quantity>1</Quantity>
      <UnitMeasure>ק"ג</UnitMeasure>
      <BisWeighted>0</BisWeighted>
      <QtyInPackage>1</QtyInPackage>
      <ItemPrice>26.90</ItemPrice>
      <UnitOfMeasurePrice>26.90</UnitOfMeasurePrice>
      <AllowDiscount>1</AllowDiscount>
      <itemStatus>1</itemStatus>
      <LastUpdateDate />
      <LastUpdateTime />
    </Product>
    <Product>
      <PriceUpdateDate>2015/01/06 11:14</PriceUpdateDate>
      <ItemCode>7290000074702</ItemCode>
      <ItemType>1</ItemType>
      <ItemName>קרקר שומשום 1 ק"ג</ItemName>
      <ManufactureName>קבוצת אוסם סחר-שות.מוגבלת</ManufactureName>
      <ManufactureCountry />
      <ManufactureItemDescription />
      <UnitQty>י"ח</UnitQty>
      <Quantity>1</Quantity>
      <UnitMeasure>ק"ג</UnitMeasure>
      <BisWeighted>0</BisWeighted>
      <QtyInPackage>1</QtyInPackage>
      <ItemPrice>26.90</ItemPrice>
      <UnitOfMeasurePrice>26.90</UnitOfMeasurePrice>
      <AllowDiscount>1</AllowDiscount>
      <itemStatus>1</itemStatus>
      <LastUpdateDate />
      <LastUpdateTime />
    </Product>
    <Product>
      <PriceUpdateDate>2016/07/04 14:28</PriceUpdateDate>
      <ItemCode>7290000074764</ItemCode>
      <ItemType>1</ItemType>
      <ItemName>קרקר זהב 900 גרם</ItemName>
      <ManufactureName>קבוצת אוסם סחר-שות.מוגבלת</ManufactureName>
      <ManufactureCountry />
      <ManufactureItemDescription />
      <UnitQty>י"ח</UnitQty>
      <Quantity>900</Quantity>
      <UnitMeasure>ל  גרם</UnitMeasure>
      <BisWeighted>0</BisWeighted>
      <QtyInPackage>1</QtyInPackage>
      <ItemPrice>26.90</ItemPrice>
      <UnitOfMeasurePrice>2.99</UnitOfMeasurePrice>
      <AllowDiscount>1</AllowDiscount>
      <itemStatus>1</itemStatus>
      <LastUpdateDate />
      <LastUpdateTime />
    </Product>
    <Product>
      <PriceUpdateDate>2016/09/04 17:08</PriceUpdateDate>
      <ItemCode>7290000074962</ItemCode>
      <ItemType>1</ItemType>
      <ItemName>משהו משהו עוג.מיני וניל</ItemName>
      <ManufactureName>קבוצת אוסם סחר-שות.מוגבלת</ManufactureName>
      <ManufactureCountry />
      <ManufactureItemDescription />
      <UnitQty>י"ח</UnitQty>
      <Quantity>225</Quantity>
      <UnitMeasure>ל  גרם</UnitMeasure>
      <BisWeighted>0</BisWeighted>
      <QtyInPackage>1</QtyInPackage>
      <ItemPrice>9.90</ItemPrice>
      <UnitOfMeasurePrice>4.40</UnitOfMeasurePrice>
      <AllowDiscount>0</AllowDiscount>
      <itemStatus>1</itemStatus>
      <LastUpdateDate />
      <LastUpdateTime />
    </Product>
    <Product>
      <PriceUpdateDate>2019/01/23 16:54</PriceUpdateDate>
      <ItemCode>7290000075143</ItemCode>
      <ItemType>1</ItemType>
      <ItemName>עוגיות  שוקוציפס וניל אוסם</ItemName>
      <ManufactureName>קבוצת אוסם סחר-שות.מוגבלת</ManufactureName>
      <ManufactureCountry />
      <ManufactureItemDescription />
      <UnitQty>י"ח</UnitQty>
      <Quantity>200</Quantity>
      <UnitMeasure>ל  גרם</UnitMeasure>
      <BisWeighted>0</BisWeighted>
      <QtyInPackage>1</QtyInPackage>
      <ItemPrice>9.80</ItemPrice>
      <UnitOfMeasurePrice>4.90</UnitOfMeasurePrice>
      <AllowDiscount>0</AllowDiscount>
      <itemStatus>1</itemStatus>
      <LastUpdateDate />
      <LastUpdateTime />
    </Product>
    <Product>
      <PriceUpdateDate>2019/07/02 09:42</PriceUpdateDate>
      <ItemCode>7290000075204</ItemCode>
      <ItemType>1</ItemType>
      <ItemName>לחמית 250 גרם</ItemName>
      <ManufactureName>קבוצת אוסם סחר-שות.מוגבלת</ManufactureName>
      <ManufactureCountry />
      <ManufactureItemDescription />
      <UnitQty>י"ח</UnitQty>
      <Quantity>250</Quantity>
      <UnitMeasure>ל  גרם</UnitMeasure>
      <BisWeighted>0</BisWeighted>
      <QtyInPackage>1</QtyInPackage>
      <ItemPrice>8.90</ItemPrice>
      <UnitOfMeasurePrice>3.56</UnitOfMeasurePrice>
      <AllowDiscount>1</AllowDiscount>
      <itemStatus>1</itemStatus>
      <LastUpdateDate />
      <LastUpdateTime />
    </Product>
    <Product>
      <PriceUpdateDate>2018/12/05 13:16</PriceUpdateDate>
      <ItemCode>75693</ItemCode>
      <ItemType>0</ItemType>
      <ItemName>עוגת שמרים בריוש שוקולד</ItemName>
      <ManufactureName>קבוצת אוסם סחר-שות.מוגבלת</ManufactureName>
      <ManufactureCountry />
      <ManufactureItemDescription />
      <UnitQty>י"ח</UnitQty>
      <Quantity>360</Quantity>
      <UnitMeasure>ל  גרם</UnitMeasure>
      <BisWeighted>0</BisWeighted>
      <QtyInPackage>1</QtyInPackage>
      <ItemPrice>16.90</ItemPrice>
      <UnitOfMeasurePrice>4.69</UnitOfMeasurePrice>
      <AllowDiscount>0</AllowDiscount>
      <itemStatus>1</itemStatus>
      <LastUpdateDate />
      <LastUpdateTime />
    </Product>
    <Product>
      <PriceUpdateDate>2016/09/04 17:09</PriceUpdateDate>
      <ItemCode>7290000076133</ItemCode>
      <ItemType>1</ItemType>
      <ItemName>בייגלה  שמיניה]אסם[500גרם</ItemName>
      <ManufactureName>קבוצת אוסם סחר-שות.מוגבלת</ManufactureName>
      <ManufactureCountry />
      <ManufactureItemDescription />
      <UnitQty>י"ח</UnitQty>
      <Quantity>500</Quantity>
      <UnitMeasure>ל  גרם</UnitMeasure>
      <BisWeighted>0</BisWeighted>
      <QtyInPackage>1</QtyInPackage>
      <ItemPrice>10.90</ItemPrice>
      <UnitOfMeasurePrice>2.18</UnitOfMeasurePrice>
      <AllowDiscount>0</AllowDiscount>
      <itemStatus>1</itemStatus>
      <LastUpdateDate />
      <LastUpdateTime />
    </Product>
    <Product>
      <PriceUpdateDate>2014/05/04 17:22</PriceUpdateDate>
      <ItemCode>7290000077017</ItemCode>
      <ItemType>1</ItemType>
      <ItemName>ערמוגית במילוי שוקולד</ItemName>
      <ManufactureName>קבוצת אוסם סחר-שות.מוגבלת</ManufactureName>
      <ManufactureCountry />
      <ManufactureItemDescription />
      <UnitQty>י"ח</UnitQty>
      <Quantity>200</Quantity>
      <UnitMeasure>ל  גרם</UnitMeasure>
      <BisWeighted>0</BisWeighted>
      <QtyInPackage>1</QtyInPackage>
      <ItemPrice>11.90</ItemPrice>
      <UnitOfMeasurePrice>5.95</UnitOfMeasurePrice>
      <AllowDiscount>0</AllowDiscount>
      <itemStatus>1</itemStatus>
      <LastUpdateDate />
      <LastUpdateTime />
    </Product>
    <Product>
      <PriceUpdateDate>2019/07/02 09:42</PriceUpdateDate>
      <ItemCode>77253</ItemCode>
      <ItemType>0</ItemType>
      <ItemName>לחמית כפרית עם דגנים מלאים 190 ג`</ItemName>
      <ManufactureName>קבוצת אוסם סחר-שות.מוגבלת</ManufactureName>
      <ManufactureCountry />
      <ManufactureItemDescription />
      <UnitQty>י"ח</UnitQty>
      <Quantity>190</Quantity>
      <UnitMeasure>ל  גרם</UnitMeasure>
      <BisWeighted>0</BisWeighted>
      <QtyInPackage>1</QtyInPackage>
      <ItemPrice>8.90</ItemPrice>
      <UnitOfMeasurePrice>4.68</UnitOfMeasurePrice>
      <AllowDiscount>1</AllowDiscount>
      <itemStatus>1</itemStatus>
      <LastUpdateDate />
      <LastUpdateTime />
    </Product>
    <Product>
      <PriceUpdateDate>2013/06/04 14:51</PriceUpdateDate>
      <ItemCode>7290000078212</ItemCode>
      <ItemType>1</ItemType>
      <ItemName>קרוטונים מתובלים</ItemName>
      <ManufactureName>קבוצת אוסם סחר-שות.מוגבלת</ManufactureName>
      <ManufactureCountry />
      <ManufactureItemDescription />
      <UnitQty>י"ח</UnitQty>
      <Quantity>250</Quantity>
      <UnitMeasure>ל  גרם</UnitMeasure>
      <BisWeighted>0</BisWeighted>
      <QtyInPackage>1</QtyInPackage>
      <ItemPrice>14.10</ItemPrice>
      <UnitOfMeasurePrice>5.64</UnitOfMeasurePrice>
      <AllowDiscount>0</AllowDiscount>
      <itemStatus>1</itemStatus>
      <LastUpdateDate />
      <LastUpdateTime />
    </Product>
    <Product>
      <PriceUpdateDate>2014/05/04 12:18</PriceUpdateDate>
      <ItemCode>7290000078762</ItemCode>
      <ItemType>1</ItemType>
      <ItemName>חטיפי פריכונים מאורז מלא דבש</ItemName>
      <ManufactureName>קבוצת אוסם סחר-שות.מוגבלת</ManufactureName>
      <ManufactureCountry />
      <ManufactureItemDescription />
      <UnitQty>י"ח</UnitQty>
      <Quantity>100</Quantity>
      <UnitMeasure>ל  גרם</UnitMeasure>
      <BisWeighted>0</BisWeighted>
      <QtyInPackage>1</QtyInPackage>
      <ItemPrice>7.60</ItemPrice>
      <UnitOfMeasurePrice>7.60</UnitOfMeasurePrice>
      <AllowDiscount>1</AllowDiscount>
      <itemStatus>1</itemStatus>
      <LastUpdateDate />
      <LastUpdateTime />
    </Product>
    <Product>
      <PriceUpdateDate>2014/08/11 16:11</PriceUpdateDate>
      <ItemCode>7290000079233</ItemCode>
      <ItemType>1</ItemType>
      <ItemName>קרם קרקר דל נתרן</ItemName>
      <ManufactureName>קבוצת אוסם סחר-שות.מוגבלת</ManufactureName>
      <ManufactureCountry />
      <ManufactureItemDescription />
      <UnitQty>י"ח</UnitQty>
      <Quantity>250</Quantity>
      <UnitMeasure>ל  גרם</UnitMeasure>
      <BisWeighted>0</BisWeighted>
      <QtyInPackage>1</QtyInPackage>
      <ItemPrice>10</ItemPrice>
      <UnitOfMeasurePrice>4</UnitOfMeasurePrice>
      <AllowDiscount>1</AllowDiscount>
      <itemStatus>1</itemStatus>
      <LastUpdateDate />
      <LastUpdateTime />
    </Product>
    <Product>
      <PriceUpdateDate>2013/12/03 15:27</PriceUpdateDate>
      <ItemCode>7290000080765</ItemCode>
      <ItemType>1</ItemType>
      <ItemName>טוסטעים פת שומשו</ItemName>
      <ManufactureName>קבוצת אוסם סחר-שות.מוגבלת</ManufactureName>
      <ManufactureCountry />
      <ManufactureItemDescription />
      <UnitQty>י"ח</UnitQty>
      <Quantity>100</Quantity>
      <UnitMeasure>ל  גרם</UnitMeasure>
      <BisWeighted>0</BisWeighted>
      <QtyInPackage>1</QtyInPackage>
      <ItemPrice>10.90</ItemPrice>
      <UnitOfMeasurePrice>10.90</UnitOfMeasurePrice>
      <AllowDiscount>0</AllowDiscount>
      <itemStatus>1</itemStatus>
      <LastUpdateDate />
      <LastUpdateTime />
    </Product>
    <Product>
      <PriceUpdateDate>2016/09/04 17:16</PriceUpdateDate>
      <ItemCode>7290000081663</ItemCode>
      <ItemType>1</ItemType>
      <ItemName>בייגלה טבעות עם שומשום</ItemName>
      <ManufactureName>קבוצת אוסם סחר-שות.מוגבלת</ManufactureName>
      <ManufactureCountry />
      <ManufactureItemDescription />
      <UnitQty>י"ח</UnitQty>
      <Quantity>300</Quantity>
      <UnitMeasure>ל  גרם</UnitMeasure>
      <BisWeighted>0</BisWeighted>
      <QtyInPackage>1</QtyInPackage>
      <ItemPrice>10.90</ItemPrice>
      <UnitOfMeasurePrice>3.63</UnitOfMeasurePrice>
      <AllowDiscount>0</AllowDiscount>
      <itemStatus>1</itemStatus>
      <LastUpdateDate />
      <LastUpdateTime />
    </Product>
    <Product>
      <PriceUpdateDate>2015/01/15 20:06</PriceUpdateDate>
      <ItemCode>100140</ItemCode>
      <ItemType>0</ItemType>
      <ItemName>שמנת משקל</ItemName>
      <ManufactureName>מריו שווק ד.ד בעמ</ManufactureName>
      <ManufactureCountry />
      <ManufactureItemDescription />
      <UnitQty>ק"ג</UnitQty>
      <Quantity>1000</Quantity>
      <UnitMeasure>ל  גרם</UnitMeasure>
      <BisWeighted>1</BisWeighted>
      <QtyInPackage>1</QtyInPackage>
      <ItemPrice>19.90</ItemPrice>
      <UnitOfMeasurePrice>1.99</UnitOfMeasurePrice>
      <AllowDiscount>0</AllowDiscount>
      <itemStatus>1</itemStatus>
      <LastUpdateDate />
      <LastUpdateTime />
    </Product>
    <Product>
      <PriceUpdateDate>2020/02/17 09:10</PriceUpdateDate>
      <ItemCode>100593</ItemCode>
      <ItemType>0</ItemType>
      <ItemName>פרוסות אנטיפסטי לתנור סנפרוסט 600ג</ItemName>
      <ManufactureName>תנובה בשר</ManufactureName>
      <ManufactureCountry />
      <ManufactureItemDescription />
      <UnitQty>י"ח</UnitQty>
      <Quantity>600</Quantity>
      <UnitMeasure>ל  גרם</UnitMeasure>
      <BisWeighted>0</BisWeighted>
      <QtyInPackage>1</QtyInPackage>
      <ItemPrice>21.90</ItemPrice>
      <UnitOfMeasurePrice>3.65</UnitOfMeasurePrice>
      <AllowDiscount>0</AllowDiscount>
      <itemStatus>1</itemStatus>
      <LastUpdateDate />
      <LastUpdateTime />
    </Product>
    <Product>
      <PriceUpdateDate>2020/02/17 09:10</PriceUpdateDate>
      <ItemCode>100609</ItemCode>
      <ItemType>0</ItemType>
      <ItemName>קוביות אנטי פסטי להקפצה סנפרוסט 600ג</ItemName>
      <ManufactureName>תנובה בשר</ManufactureName>
      <ManufactureCountry />
      <ManufactureItemDescription />
      <UnitQty>י"ח</UnitQty>
      <Quantity>600</Quantity>
      <UnitMeasure>ל  גרם</UnitMeasure>
      <BisWeighted>0</BisWeighted>
      <QtyInPackage>1</QtyInPackage>
      <ItemPrice>21.90</ItemPrice>
      <UnitOfMeasurePrice>3.65</UnitOfMeasurePrice>
      <AllowDiscount>0</AllowDiscount>
      <itemStatus>1</itemStatus>
      <LastUpdateDate />
      <LastUpdateTime />
    </Product>
    <Product>
      <PriceUpdateDate>2017/05/10 14:51</PriceUpdateDate>
      <ItemCode>7290000101927</ItemCode>
      <ItemType>1</ItemType>
      <ItemName>אוכמניות כחולות  מוקפאות 300ג</ItemName>
      <ManufactureName>תנובה בשר</ManufactureName>
      <ManufactureCountry />
      <ManufactureItemDescription />
      <UnitQty>י"ח</UnitQty>
      <Quantity>300</Quantity>
      <UnitMeasure>ל  גרם</UnitMeasure>
      <BisWeighted>0</BisWeighted>
      <QtyInPackage>1</QtyInPackage>
      <ItemPrice>16.90</ItemPrice>
      <UnitOfMeasurePrice>5.63</UnitOfMeasurePrice>
      <AllowDiscount>1</AllowDiscount>
      <itemStatus>1</itemStatus>
      <LastUpdateDate />
      <LastUpdateTime />
    </Product>
    <Product>
      <PriceUpdateDate>2017/05/10 14:52</PriceUpdateDate>
      <ItemCode>7290000101934</ItemCode>
      <ItemType>1</ItemType>
      <ItemName>מיקס פירות יער מוקפא  300ג</ItemName>
      <ManufactureName>תנובה בשר</ManufactureName>
      <ManufactureCountry />
      <ManufactureItemDescription />
      <UnitQty>י"ח</UnitQty>
      <Quantity>300</Quantity>
      <UnitMeasure>ל  גרם</UnitMeasure>
      <BisWeighted>0</BisWeighted>
      <QtyInPackage>1</QtyInPackage>
      <ItemPrice>16.90</ItemPrice>
      <UnitOfMeasurePrice>5.63</UnitOfMeasurePrice>
      <AllowDiscount>1</AllowDiscount>
      <itemStatus>1</itemStatus>
      <LastUpdateDate />
      <LastUpdateTime />
    </Product>
    <Product>
      <PriceUpdateDate>2016/01/08 09:30</PriceUpdateDate>
      <ItemCode>103471</ItemCode>
      <ItemType>0</ItemType>
      <ItemName>מיני ברוקולי (600סנפרוסט)</ItemName>
      <ManufactureName>תנובה בשר</ManufactureName>
      <ManufactureCountry />
      <ManufactureItemDescription />
      <UnitQty>י"ח</UnitQty>
      <Quantity>600</Quantity>
      <UnitMeasure>ל  גרם</UnitMeasure>
      <BisWeighted>0</BisWeighted>
      <QtyInPackage>1</QtyInPackage>
      <ItemPrice>15.90</ItemPrice>
      <UnitOfMeasurePrice>2.65</UnitOfMeasurePrice>
      <AllowDiscount>0</AllowDiscount>
      <itemStatus>1</itemStatus>
      <LastUpdateDate />
      <LastUpdateTime />
    </Product>
    <Product>
      <PriceUpdateDate>2019/01/02 16:18</PriceUpdateDate>
      <ItemCode>103730</ItemCode>
      <ItemType>0</ItemType>
      <ItemName>לקט להקפצה עם פסטה פוזילי 800גר`</ItemName>
      <ManufactureName>תנובה בשר</ManufactureName>
      <ManufactureCountry />
      <ManufactureItemDescription />
      <UnitQty>י"ח</UnitQty>
      <Quantity>800</Quantity>
      <UnitMeasure>ל  גרם</UnitMeasure>
      <BisWeighted>0</BisWeighted>
      <QtyInPackage>1</QtyInPackage>
      <ItemPrice>23</ItemPrice>
      <UnitOfMeasurePrice>2.88</UnitOfMeasurePrice>
      <AllowDiscount>0</AllowDiscount>
      <itemStatus>1</itemStatus>
      <LastUpdateDate />
      <LastUpdateTime />
    </Product>
    <Product>
      <PriceUpdateDate>2013/12/12 10:13</PriceUpdateDate>
      <ItemCode>104072</ItemCode>
      <ItemType>0</ItemType>
      <ItemName>עדשים מבושלים 1ק"ג</ItemName>
      <ManufactureName>תנובה בשר</ManufactureName>
      <ManufactureCountry />
      <ManufactureItemDescription />
      <UnitQty>י"ח</UnitQty>
      <Quantity>1</Quantity>
      <UnitMeasure>ק"ג</UnitMeasure>
      <BisWeighted>0</BisWeighted>
      <QtyInPackage>1</QtyInPackage>
      <ItemPrice>19.90</ItemPrice>
      <UnitOfMeasurePrice>19.90</UnitOfMeasurePrice>
      <AllowDiscount>0</AllowDiscount>
      <itemStatus>1</itemStatus>
      <LastUpdateDate />
      <LastUpdateTime />
    </Product>
    <Product>
      <PriceUpdateDate>2019/04/14 12:31</PriceUpdateDate>
      <ItemCode>7290000104287</ItemCode>
      <ItemType>1</ItemType>
      <ItemName>לקט לפשטידה }800 סנפרוסט{</ItemName>
      <ManufactureName>תנובה בשר</ManufactureName>
      <ManufactureCountry />
      <ManufactureItemDescription />
      <UnitQty>י"ח</UnitQty>
      <Quantity>800</Quantity>
      <UnitMeasure>ל  גרם</UnitMeasure>
      <BisWeighted>0</BisWeighted>
      <QtyInPackage>1</QtyInPackage>
      <ItemPrice>21.90</ItemPrice>
      <UnitOfMeasurePrice>2.74</UnitOfMeasurePrice>
      <AllowDiscount>0</AllowDiscount>
      <itemStatus>1</itemStatus>
      <LastUpdateDate />
      <LastUpdateTime />
    </Product>
    <Product>
      <PriceUpdateDate>2017/04/23 08:45</PriceUpdateDate>
      <ItemCode>7290000104690</ItemCode>
      <ItemType>1</ItemType>
      <ItemName>תירס סנפרוסט 800 ג`</ItemName>
      <ManufactureName>תנובה בשר</ManufactureName>
      <ManufactureCountry />
      <ManufactureItemDescription />
      <UnitQty>י"ח</UnitQty>
      <Quantity>800</Quantity>
      <UnitMeasure>ל  גרם</UnitMeasure>
      <BisWeighted>0</BisWeighted>
      <QtyInPackage>1</QtyInPackage>
      <ItemPrice>19.90</ItemPrice>
      <UnitOfMeasurePrice>2.49</UnitOfMeasurePrice>
      <AllowDiscount>0</AllowDiscount>
      <itemStatus>1</itemStatus>
      <LastUpdateDate />
      <LastUpdateTime />
    </Product>
    <Product>
      <PriceUpdateDate>2017/04/23 08:47</PriceUpdateDate>
      <ItemCode>7290000104706</ItemCode>
      <ItemType>1</ItemType>
      <ItemName>גזר גמדי 800 גרם</ItemName>
      <ManufactureName>תנובה בשר</ManufactureName>
      <ManufactureCountry />
      <ManufactureItemDescription />
      <UnitQty>י"ח</UnitQty>
      <Quantity>800</Quantity>
      <UnitMeasure>ל  גרם</UnitMeasure>
      <BisWeighted>0</BisWeighted>
      <QtyInPackage>1</QtyInPackage>
      <ItemPrice>17.90</ItemPrice>
      <UnitOfMeasurePrice>2.24</UnitOfMeasurePrice>
      <AllowDiscount>0</AllowDiscount>
      <itemStatus>1</itemStatus>
      <LastUpdateDate />
      <LastUpdateTime />
    </Product>
    <Product>
      <PriceUpdateDate>2019/09/24 15:27</PriceUpdateDate>
      <ItemCode>7290000104720</ItemCode>
      <ItemType>1</ItemType>
      <ItemName>~שעועית חתוכה ירוקה 800 ג`</ItemName>
      <ManufactureName>תנובה בשר</ManufactureName>
      <ManufactureCountry />
      <ManufactureItemDescription />
      <UnitQty>י"ח</UnitQty>
      <Quantity>800</Quantity>
      <UnitMeasure>ל  גרם</UnitMeasure>
      <BisWeighted>0</BisWeighted>
      <QtyInPackage>1</QtyInPackage>
      <ItemPrice>17.90</ItemPrice>
      <UnitOfMeasurePrice>2.24</UnitOfMeasurePrice>
      <AllowDiscount>0</AllowDiscount>
      <itemStatus>1</itemStatus>
      <LastUpdateDate />
      <LastUpdateTime />
    </Product>
    <Product>
      <PriceUpdateDate>2017/04/23 08:53</PriceUpdateDate>
      <ItemCode>7290000104744</ItemCode>
      <ItemType>1</ItemType>
      <ItemName>כרובית 800 גרם}סנפרוסט{</ItemName>
      <ManufactureName>תנובה בשר</ManufactureName>
      <ManufactureCountry />
      <ManufactureItemDescription />
      <UnitQty>י"ח</UnitQty>
      <Quantity>800</Quantity>
      <UnitMeasure>ל  גרם</UnitMeasure>
      <BisWeighted>0</BisWeighted>
      <QtyInPackage>1</QtyInPackage>
      <ItemPrice>24.90</ItemPrice>
      <UnitOfMeasurePrice>3.11</UnitOfMeasurePrice>
      <AllowDiscount>0</AllowDiscount>
      <itemStatus>1</itemStatus>
      <LastUpdateDate />
      <LastUpdateTime />
    </Product>
    <Product>
      <PriceUpdateDate>2017/04/23 08:54</PriceUpdateDate>
      <ItemCode>7290000104799</ItemCode>
      <ItemType>1</ItemType>
      <ItemName>שעועית   לבנה}סנפרוסט {1ק"ג</ItemName>
      <ManufactureName>תנובה בשר</ManufactureName>
      <ManufactureCountry />
      <ManufactureItemDescription />
      <UnitQty>י"ח</UnitQty>
      <Quantity>1</Quantity>
      <UnitMeasure>ק"ג</UnitMeasure>
      <BisWeighted>0</BisWeighted>
      <QtyInPackage>1</QtyInPackage>
      <ItemPrice>18.90</ItemPrice>
      <UnitOfMeasurePrice>18.90</UnitOfMeasurePrice>
      <AllowDiscount>0</AllowDiscount>
      <itemStatus>1</itemStatus>
      <LastUpdateDate />
      <LastUpdateTime />
    </Product>
    <Product>
      <PriceUpdateDate>2017/04/23 08:54</PriceUpdateDate>
      <ItemCode>7290000104805</ItemCode>
      <ItemType>1</ItemType>
      <ItemName>גרגירי  חומוס(סנפרוסט{ 800גר</ItemName>
      <ManufactureName>תנובה בשר</ManufactureName>
      <ManufactureCountry />
      <ManufactureItemDescription />
      <UnitQty>י"ח</UnitQty>
      <Quantity>800</Quantity>
      <UnitMeasure>ל  גרם</UnitMeasure>
      <BisWeighted>0</BisWeighted>
      <QtyInPackage>1</QtyInPackage>
      <ItemPrice>19.90</ItemPrice>
      <UnitOfMeasurePrice>2.49</UnitOfMeasurePrice>
      <AllowDiscount>0</AllowDiscount>
      <itemStatus>1</itemStatus>
      <LastUpdateDate />
      <LastUpdateTime />
    </Product>
    <Product>
      <PriceUpdateDate>2017/04/23 08:55</PriceUpdateDate>
      <ItemCode>7290000104829</ItemCode>
      <ItemType>1</ItemType>
      <ItemName>קלחונים תירס 1 ק"ג</ItemName>
      <ManufactureName>תנובה בשר</ManufactureName>
      <ManufactureCountry />
      <ManufactureItemDescription />
      <UnitQty>י"ח</UnitQty>
      <Quantity>1</Quantity>
      <UnitMeasure>ק"ג</UnitMeasure>
      <BisWeighted>0</BisWeighted>
      <QtyInPackage>1</QtyInPackage>
      <ItemPrice>19.70</ItemPrice>
      <UnitOfMeasurePrice>19.70</UnitOfMeasurePrice>
      <AllowDiscount>0</AllowDiscount>
      <itemStatus>1</itemStatus>
      <LastUpdateDate />
      <LastUpdateTime />
    </Product>
    <Product>
      <PriceUpdateDate>2013/12/11 15:40</PriceUpdateDate>
      <ItemCode>7290000104874</ItemCode>
      <ItemType>1</ItemType>
      <ItemName>לקט לקוסקוס}סנפרוסט{</ItemName>
      <ManufactureName>תנובה בשר</ManufactureName>
      <ManufactureCountry />
      <ManufactureItemDescription />
      <UnitQty>י"ח</UnitQty>
      <Quantity>800</Quantity>
      <UnitMeasure>ל  גרם</UnitMeasure>
      <BisWeighted>0</BisWeighted>
      <QtyInPackage>1</QtyInPackage>
      <ItemPrice>22.90</ItemPrice>
      <UnitOfMeasurePrice>2.86</UnitOfMeasurePrice>
      <AllowDiscount>0</AllowDiscount>
      <itemStatus>1</itemStatus>
      <LastUpdateDate />
      <LastUpdateTime />
    </Product>
    <Product>
      <PriceUpdateDate>2013/12/11 15:40</PriceUpdateDate>
      <ItemCode>7290000104904</ItemCode>
      <ItemType>1</ItemType>
      <ItemName>לקט ירקות מעו}סנפרוסט{</ItemName>
      <ManufactureName>תנובה בשר</ManufactureName>
      <ManufactureCountry />
      <ManufactureItemDescription />
      <UnitQty>י"ח</UnitQty>
      <Quantity>800</Quantity>
      <UnitMeasure>ל  גרם</UnitMeasure>
      <BisWeighted>0</BisWeighted>
      <QtyInPackage>1</QtyInPackage>
      <ItemPrice>22.90</ItemPrice>
      <UnitOfMeasurePrice>2.86</UnitOfMeasurePrice>
      <AllowDiscount>0</AllowDiscount>
      <itemStatus>1</itemStatus>
      <LastUpdateDate />
      <LastUpdateTime />
    </Product>
    <Product>
      <PriceUpdateDate>2015/04/29 16:48</PriceUpdateDate>
      <ItemCode>7290000104911</ItemCode>
      <ItemType>1</ItemType>
      <ItemName>לקט נורמנדי 800 גסנפרוסט</ItemName>
      <ManufactureName>תנובה בשר</ManufactureName>
      <ManufactureCountry />
      <ManufactureItemDescription />
      <UnitQty>י"ח</UnitQty>
      <Quantity>800</Quantity>
      <UnitMeasure>ל  גרם</UnitMeasure>
      <BisWeighted>0</BisWeighted>
      <QtyInPackage>1</QtyInPackage>
      <ItemPrice>22.90</ItemPrice>
      <UnitOfMeasurePrice>2.86</UnitOfMeasurePrice>
      <AllowDiscount>0</AllowDiscount>
      <itemStatus>1</itemStatus>
      <LastUpdateDate />
      <LastUpdateTime />
    </Product>
    <Product>
      <PriceUpdateDate>2013/12/12 13:40</PriceUpdateDate>
      <ItemCode>7290000106175</ItemCode>
      <ItemType>1</ItemType>
      <ItemName>לקט כפרי 2 ק"ג}סנפרוסט{</ItemName>
      <ManufactureName>תנובה בשר</ManufactureName>
      <ManufactureCountry />
      <ManufactureItemDescription />
      <UnitQty>י"ח</UnitQty>
      <Quantity>2</Quantity>
      <UnitMeasure>ק"ג</UnitMeasure>
      <BisWeighted>0</BisWeighted>
      <QtyInPackage>1</QtyInPackage>
      <ItemPrice>39.90</ItemPrice>
      <UnitOfMeasurePrice>19.95</UnitOfMeasurePrice>
      <AllowDiscount>0</AllowDiscount>
      <itemStatus>1</itemStatus>
      <LastUpdateDate />
      <LastUpdateTime />
    </Product>
    <Product>
      <PriceUpdateDate>2019/06/17 09:55</PriceUpdateDate>
      <ItemCode>7290000106526</ItemCode>
      <ItemType>1</ItemType>
      <ItemName>לקט חגיגה ירוקה להקפצה 800 גרם סנפרוסט</ItemName>
      <ManufactureName>תנובה בשר</ManufactureName>
      <ManufactureCountry />
      <ManufactureItemDescription />
      <UnitQty>י"ח</UnitQty>
      <Quantity>800</Quantity>
      <UnitMeasure>ל  גרם</UnitMeasure>
      <BisWeighted>0</BisWeighted>
      <QtyInPackage>1</QtyInPackage>
      <ItemPrice>22.90</ItemPrice>
      <UnitOfMeasurePrice>2.86</UnitOfMeasurePrice>
      <AllowDiscount>0</AllowDiscount>
      <itemStatus>1</itemStatus>
      <LastUpdateDate />
      <LastUpdateTime />
    </Product>
    <Product>
      <PriceUpdateDate>2015/12/15 12:56</PriceUpdateDate>
      <ItemCode>7290000107165</ItemCode>
      <ItemType>1</ItemType>
      <ItemName>מנצ ו חטיף סויה 400 ג`</ItemName>
      <ManufactureName>תנובה בשר</ManufactureName>
      <ManufactureCountry />
      <ManufactureItemDescription />
      <UnitQty>י"ח</UnitQty>
      <Quantity>400</Quantity>
      <UnitMeasure>ל  גרם</UnitMeasure>
      <BisWeighted>0</BisWeighted>
      <QtyInPackage>1</QtyInPackage>
      <ItemPrice>13.90</ItemPrice>
      <UnitOfMeasurePrice>3.48</UnitOfMeasurePrice>
      <AllowDiscount>0</AllowDiscount>
      <itemStatus>1</itemStatus>
      <LastUpdateDate />
      <LastUpdateTime />
    </Product>
    <Product>
      <PriceUpdateDate>2014/05/12 18:47</PriceUpdateDate>
      <ItemCode>7290000107189</ItemCode>
      <ItemType>1</ItemType>
      <ItemName>ארטישוק   תחתיות}סנפרוסט{400גר</ItemName>
      <ManufactureName>תנובה בשר</ManufactureName>
      <ManufactureCountry />
      <ManufactureItemDescription />
      <UnitQty>י"ח</UnitQty>
      <Quantity>400</Quantity>
      <UnitMeasure>ל  גרם</UnitMeasure>
      <BisWeighted>0</BisWeighted>
      <QtyInPackage>1</QtyInPackage>
      <ItemPrice>20.90</ItemPrice>
      <UnitOfMeasurePrice>5.23</UnitOfMeasurePrice>
      <AllowDiscount>0</AllowDiscount>
      <itemStatus>1</itemStatus>
      <LastUpdateDate />
      <LastUpdateTime />
    </Product>
    <Product>
      <PriceUpdateDate>2019/06/17 09:55</PriceUpdateDate>
      <ItemCode>7290000107615</ItemCode>
      <ItemType>1</ItemType>
      <ItemName>לקט מנה אסייטית צבעונית 800גר סנפרוסט</ItemName>
      <ManufactureName>תנובה בשר</ManufactureName>
      <ManufactureCountry />
      <ManufactureItemDescription />
      <UnitQty>י"ח</UnitQty>
      <Quantity>800</Quantity>
      <UnitMeasure>ל  גרם</UnitMeasure>
      <BisWeighted>0</BisWeighted>
      <QtyInPackage>1</QtyInPackage>
      <ItemPrice>22.90</ItemPrice>
      <UnitOfMeasurePrice>2.86</UnitOfMeasurePrice>
      <AllowDiscount>0</AllowDiscount>
      <itemStatus>1</itemStatus>
      <LastUpdateDate />
      <LastUpdateTime />
    </Product>
    <Product>
      <PriceUpdateDate>2019/12/31 11:14</PriceUpdateDate>
      <ItemCode>7290000110844</ItemCode>
      <ItemType>1</ItemType>
      <ItemName>כיפלי גריל בד"ץ 70 גרם</ItemName>
      <ManufactureName>יוניליוור ישראל שיווק בעמ</ManufactureName>
      <ManufactureCountry />
      <ManufactureItemDescription />
      <UnitQty>י"ח</UnitQty>
      <Quantity>70</Quantity>
      <UnitMeasure>ל  גרם</UnitMeasure>
      <BisWeighted>0</BisWeighted>
      <QtyInPackage>1</QtyInPackage>
      <ItemPrice>3.90</ItemPrice>
      <UnitOfMeasurePrice>5.57</UnitOfMeasurePrice>
      <AllowDiscount>0</AllowDiscount>
      <itemStatus>1</itemStatus>
      <LastUpdateDate />
      <LastUpdateTime />
    </Product>
    <Product>
      <PriceUpdateDate>2019/12/31 11:14</PriceUpdateDate>
      <ItemCode>110851</ItemCode>
      <ItemType>0</ItemType>
      <ItemName>כיפלי חטיף בצל</ItemName>
      <ManufactureName>יוניליוור ישראל שיווק בעמ</ManufactureName>
      <ManufactureCountry />
      <ManufactureItemDescription />
      <UnitQty>י"ח</UnitQty>
      <Quantity>70</Quantity>
      <UnitMeasure>ל  גרם</UnitMeasure>
      <BisWeighted>0</BisWeighted>
      <QtyInPackage>1</QtyInPackage>
      <ItemPrice>3.90</ItemPrice>
      <UnitOfMeasurePrice>5.57</UnitOfMeasurePrice>
      <AllowDiscount>0</AllowDiscount>
      <itemStatus>1</itemStatus>
      <LastUpdateDate />
      <LastUpdateTime />
    </Product>
    <Product>
      <PriceUpdateDate>2019/12/31 11:14</PriceUpdateDate>
      <ItemCode>7290000111063</ItemCode>
      <ItemType>1</ItemType>
      <ItemName>מיונז תלמה 250גרם</ItemName>
      <ManufactureName>יוניליוור ישראל שיווק בעמ</ManufactureName>
      <ManufactureCountry />
      <ManufactureItemDescription />
      <UnitQty>י"ח</UnitQty>
      <Quantity>250</Quantity>
      <UnitMeasure>ל  גרם</UnitMeasure>
      <BisWeighted>0</BisWeighted>
      <QtyInPackage>1</QtyInPackage>
      <ItemPrice>6.50</ItemPrice>
      <UnitOfMeasurePrice>2.60</UnitOfMeasurePrice>
      <AllowDiscount>0</AllowDiscount>
      <itemStatus>1</itemStatus>
      <LastUpdateDate />
      <LastUpdateTime />
    </Product>
    <Product>
      <PriceUpdateDate>2019/12/31 11:14</PriceUpdateDate>
      <ItemCode>7290000111360</ItemCode>
      <ItemType>1</ItemType>
      <ItemName>חרדל 250 גרם</ItemName>
      <ManufactureName>יוניליוור ישראל שיווק בעמ</ManufactureName>
      <ManufactureCountry />
      <ManufactureItemDescription />
      <UnitQty>י"ח</UnitQty>
      <Quantity>250</Quantity>
      <UnitMeasure>ל  גרם</UnitMeasure>
      <BisWeighted>0</BisWeighted>
      <QtyInPackage>1</QtyInPackage>
      <ItemPrice>5.90</ItemPrice>
      <UnitOfMeasurePrice>2.36</UnitOfMeasurePrice>
      <AllowDiscount>0</AllowDiscount>
      <itemStatus>1</itemStatus>
      <LastUpdateDate />
      <LastUpdateTime />
    </Product>
    <Product>
      <PriceUpdateDate>2019/12/31 11:14</PriceUpdateDate>
      <ItemCode>7290000111384</ItemCode>
      <ItemType>1</ItemType>
      <ItemName>חרדל 550 צנצנת</ItemName>
      <ManufactureName>יוניליוור ישראל שיווק בעמ</ManufactureName>
      <ManufactureCountry />
      <ManufactureItemDescription />
      <UnitQty>י"ח</UnitQty>
      <Quantity>550</Quantity>
      <UnitMeasure>ל  גרם</UnitMeasure>
      <BisWeighted>0</BisWeighted>
      <QtyInPackage>1</QtyInPackage>
      <ItemPrice>7.50</ItemPrice>
      <UnitOfMeasurePrice>1.36</UnitOfMeasurePrice>
      <AllowDiscount>0</AllowDiscount>
      <itemStatus>1</itemStatus>
      <LastUpdateDate />
      <LastUpdateTime />
    </Product>
    <Product>
      <PriceUpdateDate>2019/12/31 11:14</PriceUpdateDate>
      <ItemCode>7290000112497</ItemCode>
      <ItemType>1</ItemType>
      <ItemName>קנור עשיר עוף 68גרם</ItemName>
      <ManufactureName>יוניליוור ישראל שיווק בעמ</ManufactureName>
      <ManufactureCountry />
      <ManufactureItemDescription />
      <UnitQty>י"ח</UnitQty>
      <Quantity>68</Quantity>
      <UnitMeasure>ל  גרם</UnitMeasure>
      <BisWeighted>0</BisWeighted>
      <QtyInPackage>1</QtyInPackage>
      <ItemPrice>9.90</ItemPrice>
      <UnitOfMeasurePrice>14.56</UnitOfMeasurePrice>
      <AllowDiscount>0</AllowDiscount>
      <itemStatus>1</itemStatus>
      <LastUpdateDate />
      <LastUpdateTime />
    </Product>
    <Product>
      <PriceUpdateDate>2019/12/31 11:14</PriceUpdateDate>
      <ItemCode>7290000113180</ItemCode>
      <ItemType>1</ItemType>
      <ItemName>כיפלי צ יפס 50 ג</ItemName>
      <ManufactureName>יוניליוור ישראל שיווק בעמ</ManufactureName>
      <ManufactureCountry />
      <ManufactureItemDescription />
      <UnitQty>י"ח</UnitQty>
      <Quantity>50</Quantity>
      <UnitMeasure>ל  גרם</UnitMeasure>
      <BisWeighted>0</BisWeighted>
      <QtyInPackage>1</QtyInPackage>
      <ItemPrice>3.90</ItemPrice>
      <UnitOfMeasurePrice>7.80</UnitOfMeasurePrice>
      <AllowDiscount>0</AllowDiscount>
      <itemStatus>1</itemStatus>
      <LastUpdateDate />
      <LastUpdateTime />
    </Product>
    <Product>
      <PriceUpdateDate>2019/12/31 11:14</PriceUpdateDate>
      <ItemCode>7290000113203</ItemCode>
      <ItemType>1</ItemType>
      <ItemName>כיפלי בטעם קטשופ</ItemName>
      <ManufactureName>יוניליוור ישראל שיווק בעמ</ManufactureName>
      <ManufactureCountry />
      <ManufactureItemDescription />
      <UnitQty>י"ח</UnitQty>
      <Quantity>50</Quantity>
      <UnitMeasure>ל  גרם</UnitMeasure>
      <BisWeighted>0</BisWeighted>
      <QtyInPackage>1</QtyInPackage>
      <ItemPrice>3.90</ItemPrice>
      <UnitOfMeasurePrice>7.80</UnitOfMeasurePrice>
      <AllowDiscount>0</AllowDiscount>
      <itemStatus>1</itemStatus>
      <LastUpdateDate />
      <LastUpdateTime />
    </Product>
    <Product>
      <PriceUpdateDate>2019/12/31 11:14</PriceUpdateDate>
      <ItemCode>116884</ItemCode>
      <ItemType>0</ItemType>
      <ItemName>רוטב ברביקיו-קנור  340גרם</ItemName>
      <ManufactureName>יוניליוור ישראל שיווק בעמ</ManufactureName>
      <ManufactureCountry />
      <ManufactureItemDescription />
      <UnitQty>י"ח</UnitQty>
      <Quantity>340</Quantity>
      <UnitMeasure>ל  גרם</UnitMeasure>
      <BisWeighted>0</BisWeighted>
      <QtyInPackage>1</QtyInPackage>
      <ItemPrice>9.90</ItemPrice>
      <UnitOfMeasurePrice>2.91</UnitOfMeasurePrice>
      <AllowDiscount>0</AllowDiscount>
      <itemStatus>1</itemStatus>
      <LastUpdateDate />
      <LastUpdateTime />
    </Product>
    <Product>
      <PriceUpdateDate>2019/12/31 11:14</PriceUpdateDate>
      <ItemCode>7290000116921</ItemCode>
      <ItemType>1</ItemType>
      <ItemName>רוטב צ ילי מתוק 340גרם קנור</ItemName>
      <ManufactureName>יוניליוור ישראל שיווק בעמ</ManufactureName>
      <ManufactureCountry />
      <ManufactureItemDescription />
      <UnitQty>י"ח</UnitQty>
      <Quantity>340</Quantity>
      <UnitMeasure>ל  מ"ל</UnitMeasure>
      <BisWeighted>0</BisWeighted>
      <QtyInPackage>1</QtyInPackage>
      <ItemPrice>9.90</ItemPrice>
      <UnitOfMeasurePrice>2.91</UnitOfMeasurePrice>
      <AllowDiscount>0</AllowDiscount>
      <itemStatus>1</itemStatus>
      <LastUpdateDate />
      <LastUpdateTime />
    </Product>
    <Product>
      <PriceUpdateDate>2019/12/31 11:14</PriceUpdateDate>
      <ItemCode>7290000117720</ItemCode>
      <ItemType>1</ItemType>
      <ItemName>פטריות נמס 43 גרם</ItemName>
      <ManufactureName>יוניליוור ישראל שיווק בעמ</ManufactureName>
      <ManufactureCountry />
      <ManufactureItemDescription />
      <UnitQty>י"ח</UnitQty>
      <Quantity>43</Quantity>
      <UnitMeasure>ל  גרם</UnitMeasure>
      <BisWeighted>0</BisWeighted>
      <QtyInPackage>1</QtyInPackage>
      <ItemPrice>6.50</ItemPrice>
      <UnitOfMeasurePrice>15.12</UnitOfMeasurePrice>
      <AllowDiscount>0</AllowDiscount>
      <itemStatus>1</itemStatus>
      <LastUpdateDate />
      <LastUpdateTime />
    </Product>
    <Product>
      <PriceUpdateDate>2019/12/31 11:14</PriceUpdateDate>
      <ItemCode>7290000120836</ItemCode>
      <ItemType>1</ItemType>
      <ItemName>מיונז הלמנס 394גרם</ItemName>
      <ManufactureName>יוניליוור ישראל שיווק בעמ</ManufactureName>
      <ManufactureCountry />
      <ManufactureItemDescription />
      <UnitQty>י"ח</UnitQty>
      <Quantity>394</Quantity>
      <UnitMeasure>ל  גרם</UnitMeasure>
      <BisWeighted>0</BisWeighted>
      <QtyInPackage>1</QtyInPackage>
      <ItemPrice>9.90</ItemPrice>
      <UnitOfMeasurePrice>2.51</UnitOfMeasurePrice>
      <AllowDiscount>0</AllowDiscount>
      <itemStatus>1</itemStatus>
      <LastUpdateDate />
      <LastUpdateTime />
    </Product>
    <Product>
      <PriceUpdateDate>2019/12/31 11:14</PriceUpdateDate>
      <ItemCode>120874</ItemCode>
      <ItemType>0</ItemType>
      <ItemName>מיונז הלמנס לייט 424גרם</ItemName>
      <ManufactureName>יוניליוור ישראל שיווק בעמ</ManufactureName>
      <ManufactureCountry />
      <ManufactureItemDescription />
      <UnitQty>י"ח</UnitQty>
      <Quantity>424</Quantity>
      <UnitMeasure>ל  גרם</UnitMeasure>
      <BisWeighted>0</BisWeighted>
      <QtyInPackage>1</QtyInPackage>
      <ItemPrice>9.90</ItemPrice>
      <UnitOfMeasurePrice>2.33</UnitOfMeasurePrice>
      <AllowDiscount>0</AllowDiscount>
      <itemStatus>1</itemStatus>
      <LastUpdateDate />
      <LastUpdateTime />
    </Product>
    <Product>
      <PriceUpdateDate>2018/10/07 17:48</PriceUpdateDate>
      <ItemCode>7290000121154</ItemCode>
      <ItemType>1</ItemType>
      <ItemName>ג מבון בלאן סלמו</ItemName>
      <ManufactureName>נטו מלינדה סחר בעמ</ManufactureName>
      <ManufactureCountry />
      <ManufactureItemDescription />
      <UnitQty>י"ח</UnitQty>
      <Quantity>120</Quantity>
      <UnitMeasure>ל  גרם</UnitMeasure>
      <BisWeighted>0</BisWeighted>
      <QtyInPackage>1</QtyInPackage>
      <ItemPrice>10.90</ItemPrice>
      <UnitOfMeasurePrice>9.08</UnitOfMeasurePrice>
      <AllowDiscount>1</AllowDiscount>
      <itemStatus>1</itemStatus>
      <LastUpdateDate />
      <LastUpdateTime />
    </Product>
    <Product>
      <PriceUpdateDate>2019/12/31 11:14</PriceUpdateDate>
      <ItemCode>7290000122175</ItemCode>
      <ItemType>1</ItemType>
      <ItemName>תמצית וניל 50 גרם</ItemName>
      <ManufactureName>יוניליוור ישראל שיווק בעמ</ManufactureName>
      <ManufactureCountry />
      <ManufactureItemDescription />
      <UnitQty>י"ח</UnitQty>
      <Quantity>55</Quantity>
      <UnitMeasure>ל  מ"ל</UnitMeasure>
      <BisWeighted>0</BisWeighted>
      <QtyInPackage>1</QtyInPackage>
      <ItemPrice>4.20</ItemPrice>
      <UnitOfMeasurePrice>7.64</UnitOfMeasurePrice>
      <AllowDiscount>0</AllowDiscount>
      <itemStatus>1</itemStatus>
      <LastUpdateDate />
      <LastUpdateTime />
    </Product>
    <Product>
      <PriceUpdateDate>2019/12/31 11:14</PriceUpdateDate>
      <ItemCode>7290000122687</ItemCode>
      <ItemType>1</ItemType>
      <ItemName>סירופ שוקולד לחיץ 600 מ"ל</ItemName>
      <ManufactureName>יוניליוור ישראל שיווק בעמ</ManufactureName>
      <ManufactureCountry />
      <ManufactureItemDescription />
      <UnitQty>י"ח</UnitQty>
      <Quantity>600</Quantity>
      <UnitMeasure>ל  מ"ל</UnitMeasure>
      <BisWeighted>0</BisWeighted>
      <QtyInPackage>1</QtyInPackage>
      <ItemPrice>11.90</ItemPrice>
      <UnitOfMeasurePrice>1.98</UnitOfMeasurePrice>
      <AllowDiscount>0</AllowDiscount>
      <itemStatus>1</itemStatus>
      <LastUpdateDate />
      <LastUpdateTime />
    </Product>
    <Product>
      <PriceUpdateDate>2019/12/31 11:14</PriceUpdateDate>
      <ItemCode>7290000123110</ItemCode>
      <ItemType>1</ItemType>
      <ItemName>מזולה לייט</ItemName>
      <ManufactureName>יוניליוור ישראל שיווק בעמ</ManufactureName>
      <ManufactureCountry />
      <ManufactureItemDescription />
      <UnitQty>י"ח</UnitQty>
      <Quantity>250</Quantity>
      <UnitMeasure>ל  גרם</UnitMeasure>
      <BisWeighted>0</BisWeighted>
      <QtyInPackage>1</QtyInPackage>
      <ItemPrice>9.50</ItemPrice>
      <UnitOfMeasurePrice>3.80</UnitOfMeasurePrice>
      <AllowDiscount>0</AllowDiscount>
      <itemStatus>1</itemStatus>
      <LastUpdateDate />
      <LastUpdateTime />
    </Product>
    <Product>
      <PriceUpdateDate>2019/12/31 11:14</PriceUpdateDate>
      <ItemCode>7290000123363</ItemCode>
      <ItemType>1</ItemType>
      <ItemName>צמקאו י-ם 500 גרם</ItemName>
      <ManufactureName>יוניליוור ישראל שיווק בעמ</ManufactureName>
      <ManufactureCountry />
      <ManufactureItemDescription />
      <UnitQty>י"ח</UnitQty>
      <Quantity>500</Quantity>
      <UnitMeasure>ל  גרם</UnitMeasure>
      <BisWeighted>0</BisWeighted>
      <QtyInPackage>1</QtyInPackage>
      <ItemPrice>10.50</ItemPrice>
      <UnitOfMeasurePrice>2.10</UnitOfMeasurePrice>
      <AllowDiscount>0</AllowDiscount>
      <itemStatus>1</itemStatus>
      <LastUpdateDate />
      <LastUpdateTime />
    </Product>
    <Product>
      <PriceUpdateDate>2019/12/31 11:14</PriceUpdateDate>
      <ItemCode>7290000125251</ItemCode>
      <ItemType>1</ItemType>
      <ItemName>שמפו לכביסה עדינה 2 ליטר</ItemName>
      <ManufactureName>יוניליוור ישראל שיווק בעמ</ManufactureName>
      <ManufactureCountry />
      <ManufactureItemDescription />
      <UnitQty>י"ח</UnitQty>
      <Quantity>2</Quantity>
      <UnitMeasure>ליטר</UnitMeasure>
      <BisWeighted>0</BisWeighted>
      <QtyInPackage>1</QtyInPackage>
      <ItemPrice>22.90</ItemPrice>
      <UnitOfMeasurePrice>11.45</UnitOfMeasurePrice>
      <AllowDiscount>0</AllowDiscount>
      <itemStatus>1</itemStatus>
      <LastUpdateDate />
      <LastUpdateTime />
    </Product>
    <Product>
      <PriceUpdateDate>2020/02/03 10:08</PriceUpdateDate>
      <ItemCode>7290000133645</ItemCode>
      <ItemType>1</ItemType>
      <ItemName>אורביטול שלישיה סודה</ItemName>
      <ManufactureName>החב הדרומית לשיווק</ManufactureName>
      <ManufactureCountry />
      <ManufactureItemDescription />
      <UnitQty>י"ח</UnitQty>
      <Quantity>435</Quantity>
      <UnitMeasure>ל  גרם</UnitMeasure>
      <BisWeighted>0</BisWeighted>
      <QtyInPackage>1</QtyInPackage>
      <ItemPrice>16.90</ItemPrice>
      <UnitOfMeasurePrice>3.89</UnitOfMeasurePrice>
      <AllowDiscount>0</AllowDiscount>
      <itemStatus>1</itemStatus>
      <LastUpdateDate />
      <LastUpdateTime />
    </Product>
    <Product>
      <PriceUpdateDate>2019/12/09 12:21</PriceUpdateDate>
      <ItemCode>7290000135113</ItemCode>
      <ItemType>1</ItemType>
      <ItemName>משקה אנרגיה XL נענע ליים 250מ"ל 2019</ItemName>
      <ManufactureName>טמפו משקאות בעמ</ManufactureName>
      <ManufactureCountry />
      <ManufactureItemDescription />
      <UnitQty>י"ח</UnitQty>
      <Quantity>250</Quantity>
      <UnitMeasure>ל  מ"ל</UnitMeasure>
      <BisWeighted>0</BisWeighted>
      <QtyInPackage>1</QtyInPackage>
      <ItemPrice>3.70</ItemPrice>
      <UnitOfMeasurePrice>1.36</UnitOfMeasurePrice>
      <AllowDiscount>1</AllowDiscount>
      <itemStatus>1</itemStatus>
      <LastUpdateDate />
      <LastUpdateTime />
    </Product>
    <Product>
      <PriceUpdateDate>2020/01/20 09:40</PriceUpdateDate>
      <ItemCode>7290000135151</ItemCode>
      <ItemType>1</ItemType>
      <ItemName>סודה נגיעות למון ליים 275מ"ל</ItemName>
      <ManufactureName>טמפו משקאות בעמ</ManufactureName>
      <ManufactureCountry />
      <ManufactureItemDescription />
      <UnitQty>י"ח</UnitQty>
      <Quantity>275</Quantity>
      <UnitMeasure>ל  מ"ל</UnitMeasure>
      <BisWeighted>0</BisWeighted>
      <QtyInPackage>1</QtyInPackage>
      <ItemPrice>3.50</ItemPrice>
      <UnitOfMeasurePrice>1.16</UnitOfMeasurePrice>
      <AllowDiscount>1</AllowDiscount>
      <itemStatus>1</itemStatus>
      <LastUpdateDate />
      <LastUpdateTime />
    </Product>
    <Product>
      <PriceUpdateDate>2015/05/31 11:41</PriceUpdateDate>
      <ItemCode>7290000137513</ItemCode>
      <ItemType>1</ItemType>
      <ItemName>.גלידונית 60 יח שטראוס</ItemName>
      <ManufactureName>גלידות שטראוס בעמ</ManufactureName>
      <ManufactureCountry />
      <ManufactureItemDescription />
      <UnitQty>י"ח</UnitQty>
      <Quantity>700</Quantity>
      <UnitMeasure>ל  גרם</UnitMeasure>
      <BisWeighted>0</BisWeighted>
      <QtyInPackage>1</QtyInPackage>
      <ItemPrice>48.50</ItemPrice>
      <UnitOfMeasurePrice>6.93</UnitOfMeasurePrice>
      <AllowDiscount>0</AllowDiscount>
      <itemStatus>1</itemStatus>
      <LastUpdateDate />
      <LastUpdateTime />
    </Product>
    <Product>
      <PriceUpdateDate>2015/05/31 11:41</PriceUpdateDate>
      <ItemCode>7290000137643</ItemCode>
      <ItemType>1</ItemType>
      <ItemName>טעמקור משפחתי שטראוס</ItemName>
      <ManufactureName>גלידות שטראוס בעמ</ManufactureName>
      <ManufactureCountry />
      <ManufactureItemDescription />
      <UnitQty>י"ח</UnitQty>
      <Quantity>1</Quantity>
      <UnitMeasure />
      <BisWeighted>0</BisWeighted>
      <QtyInPackage>1</QtyInPackage>
      <ItemPrice>37.90</ItemPrice>
      <UnitOfMeasurePrice>37.90</UnitOfMeasurePrice>
      <AllowDiscount>0</AllowDiscount>
      <itemStatus>1</itemStatus>
      <LastUpdateDate />
      <LastUpdateTime />
    </Product>
    <Product>
      <PriceUpdateDate>2019/11/03 11:00</PriceUpdateDate>
      <ItemCode>7290000143293</ItemCode>
      <ItemType>1</ItemType>
      <ItemName>מרכך הוואי לילדים 700</ItemName>
      <ManufactureName>הנקל סוד בעמ</ManufactureName>
      <ManufactureCountry />
      <ManufactureItemDescription />
      <UnitQty>י"ח</UnitQty>
      <Quantity>700</Quantity>
      <UnitMeasure>ל  מ"ל</UnitMeasure>
      <BisWeighted>0</BisWeighted>
      <QtyInPackage>1</QtyInPackage>
      <ItemPrice>10.90</ItemPrice>
      <UnitOfMeasurePrice>1.56</UnitOfMeasurePrice>
      <AllowDiscount>1</AllowDiscount>
      <itemStatus>1</itemStatus>
      <LastUpdateDate />
      <LastUpdateTime />
    </Product>
    <Product>
      <PriceUpdateDate>2016/03/06 17:57</PriceUpdateDate>
      <ItemCode>7290000146652</ItemCode>
      <ItemType>1</ItemType>
      <ItemName>סבון מוצק הוואי רביעיה ורוד</ItemName>
      <ManufactureName>הנקל סוד בעמ</ManufactureName>
      <ManufactureCountry />
      <ManufactureItemDescription />
      <UnitQty>י"ח</UnitQty>
      <Quantity>400</Quantity>
      <UnitMeasure>ל  גרם</UnitMeasure>
      <BisWeighted>0</BisWeighted>
      <QtyInPackage>1</QtyInPackage>
      <ItemPrice>14</ItemPrice>
      <UnitOfMeasurePrice>3.50</UnitOfMeasurePrice>
      <AllowDiscount>1</AllowDiscount>
      <itemStatus>1</itemStatus>
      <LastUpdateDate />
      <LastUpdateTime />
    </Product>
    <Product>
      <PriceUpdateDate>2016/03/06 17:57</PriceUpdateDate>
      <ItemCode>7290000146676</ItemCode>
      <ItemType>1</ItemType>
      <ItemName>סבון מוצק  הוואי רבעייה חום לגבר</ItemName>
      <ManufactureName>הנקל סוד בעמ</ManufactureName>
      <ManufactureCountry />
      <ManufactureItemDescription />
      <UnitQty>י"ח</UnitQty>
      <Quantity>400</Quantity>
      <UnitMeasure>ל  גרם</UnitMeasure>
      <BisWeighted>0</BisWeighted>
      <QtyInPackage>1</QtyInPackage>
      <ItemPrice>14</ItemPrice>
      <UnitOfMeasurePrice>3.50</UnitOfMeasurePrice>
      <AllowDiscount>1</AllowDiscount>
      <itemStatus>1</itemStatus>
      <LastUpdateDate />
      <LastUpdateTime />
    </Product>
    <Product>
      <PriceUpdateDate>2018/11/27 10:29</PriceUpdateDate>
      <ItemCode>7290000148298</ItemCode>
      <ItemType>1</ItemType>
      <ItemName>פריגת מיץ סחוט טרי 2 ל  תפוז</ItemName>
      <ManufactureName>*חברה המרכזית להפצתמשקאותבעמ*</ManufactureName>
      <ManufactureCountry />
      <ManufactureItemDescription />
      <UnitQty>י"ח</UnitQty>
      <Quantity>2</Quantity>
      <UnitMeasure>ליטר</UnitMeasure>
      <BisWeighted>0</BisWeighted>
      <QtyInPackage>1</QtyInPackage>
      <ItemPrice>26.90</ItemPrice>
      <UnitOfMeasurePrice>13.45</UnitOfMeasurePrice>
      <AllowDiscount>0</AllowDiscount>
      <itemStatus>1</itemStatus>
      <LastUpdateDate />
      <LastUpdateTime />
    </Product>
    <Product>
      <PriceUpdateDate>2013/12/03 14:10</PriceUpdateDate>
      <ItemCode>7290000148489</ItemCode>
      <ItemType>1</ItemType>
      <ItemName>גרעיני דלעת 200 גרם</ItemName>
      <ManufactureName>ליימן שליסל</ManufactureName>
      <ManufactureCountry />
      <ManufactureItemDescription />
      <UnitQty>י"ח</UnitQty>
      <Quantity>200</Quantity>
      <UnitMeasure>ל  גרם</UnitMeasure>
      <BisWeighted>0</BisWeighted>
      <QtyInPackage>1</QtyInPackage>
      <ItemPrice>9.90</ItemPrice>
      <UnitOfMeasurePrice>4.95</UnitOfMeasurePrice>
      <AllowDiscount>0</AllowDiscount>
      <itemStatus>1</itemStatus>
      <LastUpdateDate />
      <LastUpdateTime />
    </Product>
    <Product>
      <PriceUpdateDate>2014/11/19 17:39</PriceUpdateDate>
      <ItemCode>7290000148748</ItemCode>
      <ItemType>1</ItemType>
      <ItemName>גרעיני חמניות 200 גרם</ItemName>
      <ManufactureName>ליימן שליסל</ManufactureName>
      <ManufactureCountry />
      <ManufactureItemDescription />
      <UnitQty>י"ח</UnitQty>
      <Quantity>200</Quantity>
      <UnitMeasure>ל  גרם</UnitMeasure>
      <BisWeighted>0</BisWeighted>
      <QtyInPackage>1</QtyInPackage>
      <ItemPrice>6.40</ItemPrice>
      <UnitOfMeasurePrice>3.20</UnitOfMeasurePrice>
      <AllowDiscount>1</AllowDiscount>
      <itemStatus>1</itemStatus>
      <LastUpdateDate />
      <LastUpdateTime />
    </Product>
    <Product>
      <PriceUpdateDate>2019/12/08 12:27</PriceUpdateDate>
      <ItemCode>7290000149844</ItemCode>
      <ItemType>1</ItemType>
      <ItemName>סינטבון חתול</ItemName>
      <ManufactureName>החב הדרומית לשיווק</ManufactureName>
      <ManufactureCountry />
      <ManufactureItemDescription />
      <UnitQty>י"ח</UnitQty>
      <Quantity>230</Quantity>
      <UnitMeasure>ל  גרם</UnitMeasure>
      <BisWeighted>0</BisWeighted>
      <QtyInPackage>1</QtyInPackage>
      <ItemPrice>6.90</ItemPrice>
      <UnitOfMeasurePrice>3</UnitOfMeasurePrice>
      <AllowDiscount>0</AllowDiscount>
      <itemStatus>1</itemStatus>
      <LastUpdateDate />
      <LastUpdateTime />
    </Product>
    <Product>
      <PriceUpdateDate>2016/09/04 17:20</PriceUpdateDate>
      <ItemCode>158211</ItemCode>
      <ItemType>0</ItemType>
      <ItemName>שניצל דק ענק עוף טוב</ItemName>
      <ManufactureName>קבוצת אוסם סחר-שות.מוגבלת</ManufactureName>
      <ManufactureCountry />
      <ManufactureItemDescription />
      <UnitQty>י"ח</UnitQty>
      <Quantity>700</Quantity>
      <UnitMeasure>ל  גרם</UnitMeasure>
      <BisWeighted>0</BisWeighted>
      <QtyInPackage>1</QtyInPackage>
      <ItemPrice>34.90</ItemPrice>
      <UnitOfMeasurePrice>4.99</UnitOfMeasurePrice>
      <AllowDiscount>1</AllowDiscount>
      <itemStatus>1</itemStatus>
      <LastUpdateDate />
      <LastUpdateTime />
    </Product>
    <Product>
      <PriceUpdateDate>2013/12/03 15:35</PriceUpdateDate>
      <ItemCode>158273</ItemCode>
      <ItemType>0</ItemType>
      <ItemName>שניצל אמיתי מעודן עוף טוב</ItemName>
      <ManufactureName>קבוצת אוסם סחר-שות.מוגבלת</ManufactureName>
      <ManufactureCountry />
      <ManufactureItemDescription />
      <UnitQty>י"ח</UnitQty>
      <Quantity>700</Quantity>
      <UnitMeasure>ל  גרם</UnitMeasure>
      <BisWeighted>0</BisWeighted>
      <QtyInPackage>1</QtyInPackage>
      <ItemPrice>40.50</ItemPrice>
      <UnitOfMeasurePrice>5.79</UnitOfMeasurePrice>
      <AllowDiscount>1</AllowDiscount>
      <itemStatus>1</itemStatus>
      <LastUpdateDate />
      <LastUpdateTime />
    </Product>
    <Product>
      <PriceUpdateDate>2013/06/04 14:51</PriceUpdateDate>
      <ItemCode>159010</ItemCode>
      <ItemType>0</ItemType>
      <ItemName>שניצל דובונים עוף טוב</ItemName>
      <ManufactureName>קבוצת אוסם סחר-שות.מוגבלת</ManufactureName>
      <ManufactureCountry />
      <ManufactureItemDescription />
      <UnitQty>י"ח</UnitQty>
      <Quantity>700</Quantity>
      <UnitMeasure>ל  גרם</UnitMeasure>
      <BisWeighted>0</BisWeighted>
      <QtyInPackage>1</QtyInPackage>
      <ItemPrice>33.50</ItemPrice>
      <UnitOfMeasurePrice>4.79</UnitOfMeasurePrice>
      <AllowDiscount>1</AllowDiscount>
      <itemStatus>1</itemStatus>
      <LastUpdateDate />
      <LastUpdateTime />
    </Product>
    <Product>
      <PriceUpdateDate>2019/12/31 11:14</PriceUpdateDate>
      <ItemCode>160252</ItemCode>
      <ItemType>0</ItemType>
      <ItemName>דאב תרחיץ פנים רגיל 180מ"ל</ItemName>
      <ManufactureName>יוניליוור ישראל שיווק בעמ</ManufactureName>
      <ManufactureCountry />
      <ManufactureItemDescription />
      <UnitQty>י"ח</UnitQty>
      <Quantity>180</Quantity>
      <UnitMeasure>ל  מ"ל</UnitMeasure>
      <BisWeighted>0</BisWeighted>
      <QtyInPackage>1</QtyInPackage>
      <ItemPrice>9.90</ItemPrice>
      <UnitOfMeasurePrice>5.50</UnitOfMeasurePrice>
      <AllowDiscount>0</AllowDiscount>
      <itemStatus>1</itemStatus>
      <LastUpdateDate />
      <LastUpdateTime />
    </Product>
    <Product>
      <PriceUpdateDate>2019/12/31 11:14</PriceUpdateDate>
      <ItemCode>160269</ItemCode>
      <ItemType>0</ItemType>
      <ItemName>דאב תרחיץ פנים רגיש 180מ"ל</ItemName>
      <ManufactureName>יוניליוור ישראל שיווק בעמ</ManufactureName>
      <ManufactureCountry />
      <ManufactureItemDescription />
      <UnitQty>י"ח</UnitQty>
      <Quantity>180</Quantity>
      <UnitMeasure>ל  מ"ל</UnitMeasure>
      <BisWeighted>0</BisWeighted>
      <QtyInPackage>1</QtyInPackage>
      <ItemPrice>9.90</ItemPrice>
      <UnitOfMeasurePrice>5.50</UnitOfMeasurePrice>
      <AllowDiscount>0</AllowDiscount>
      <itemStatus>1</itemStatus>
      <LastUpdateDate />
      <LastUpdateTime />
    </Product>
    <Product>
      <PriceUpdateDate>2019/12/31 11:14</PriceUpdateDate>
      <ItemCode>168173</ItemCode>
      <ItemType>0</ItemType>
      <ItemName>ברנפלקס קראנצ`ים 375גרם</ItemName>
      <ManufactureName>יוניליוור ישראל שיווק בעמ</ManufactureName>
      <ManufactureCountry />
      <ManufactureItemDescription />
      <UnitQty>י"ח</UnitQty>
      <Quantity>500</Quantity>
      <UnitMeasure>ל  גרם</UnitMeasure>
      <BisWeighted>0</BisWeighted>
      <QtyInPackage>1</QtyInPackage>
      <ItemPrice>19.90</ItemPrice>
      <UnitOfMeasurePrice>3.98</UnitOfMeasurePrice>
      <AllowDiscount>0</AllowDiscount>
      <itemStatus>1</itemStatus>
      <LastUpdateDate />
      <LastUpdateTime />
    </Product>
    <Product>
      <PriceUpdateDate>2019/12/31 11:14</PriceUpdateDate>
      <ItemCode>169538</ItemCode>
      <ItemType>0</ItemType>
      <ItemName>נמס בכוס מרק עגבניות עם קרוטונים 62  ג`ב</ItemName>
      <ManufactureName>יוניליוור ישראל שיווק בעמ</ManufactureName>
      <ManufactureCountry />
      <ManufactureItemDescription />
      <UnitQty>י"ח</UnitQty>
      <Quantity>34</Quantity>
      <UnitMeasure>ל  גרם</UnitMeasure>
      <BisWeighted>0</BisWeighted>
      <QtyInPackage>1</QtyInPackage>
      <ItemPrice>6.50</ItemPrice>
      <UnitOfMeasurePrice>19.12</UnitOfMeasurePrice>
      <AllowDiscount>0</AllowDiscount>
      <itemStatus>1</itemStatus>
      <LastUpdateDate />
      <LastUpdateTime />
    </Product>
    <Product>
      <PriceUpdateDate>2015/08/10 13:36</PriceUpdateDate>
      <ItemCode>169798</ItemCode>
      <ItemType>0</ItemType>
      <ItemName>עוגי מופחת סוכר  500 ג בד"ץ</ItemName>
      <ManufactureName>יוניליוור ישראל שיווק בעמ</ManufactureName>
      <ManufactureCountry />
      <ManufactureItemDescription />
      <UnitQty>י"ח</UnitQty>
      <Quantity>500</Quantity>
      <UnitMeasure>ל  גרם</UnitMeasure>
      <BisWeighted>0</BisWeighted>
      <QtyInPackage>1</QtyInPackage>
      <ItemPrice>19.90</ItemPrice>
      <UnitOfMeasurePrice>3.98</UnitOfMeasurePrice>
      <AllowDiscount>0</AllowDiscount>
      <itemStatus>1</itemStatus>
      <LastUpdateDate />
      <LastUpdateTime />
    </Product>
    <Product>
      <PriceUpdateDate>2019/04/16 16:58</PriceUpdateDate>
      <ItemCode>7290000170053</ItemCode>
      <ItemType>1</ItemType>
      <ItemName>~שוקולד חלב 100 ג</ItemName>
      <ManufactureName>שטראוס גרופ בעמ</ManufactureName>
      <ManufactureCountry />
      <ManufactureItemDescription />
      <UnitQty>י"ח</UnitQty>
      <Quantity>100</Quantity>
      <UnitMeasure>ל  גרם</UnitMeasure>
      <BisWeighted>0</BisWeighted>
      <QtyInPackage>1</QtyInPackage>
      <ItemPrice>5.90</ItemPrice>
      <UnitOfMeasurePrice>5.90</UnitOfMeasurePrice>
      <AllowDiscount>1</AllowDiscount>
      <itemStatus>1</itemStatus>
      <LastUpdateDate />
      <LastUpdateTime />
    </Product>
    <Product>
      <PriceUpdateDate>2019/04/16 16:58</PriceUpdateDate>
      <ItemCode>7290000170077</ItemCode>
      <ItemType>1</ItemType>
      <ItemName>שוקולד מריר 100ג</ItemName>
      <ManufactureName>שטראוס גרופ בעמ</ManufactureName>
      <ManufactureCountry />
      <ManufactureItemDescription />
      <UnitQty>י"ח</UnitQty>
      <Quantity>100</Quantity>
      <UnitMeasure>ל  גרם</UnitMeasure>
      <BisWeighted>0</BisWeighted>
      <QtyInPackage>1</QtyInPackage>
      <ItemPrice>5.90</ItemPrice>
      <UnitOfMeasurePrice>5.90</UnitOfMeasurePrice>
      <AllowDiscount>1</AllowDiscount>
      <itemStatus>1</itemStatus>
      <LastUpdateDate />
      <LastUpdateTime />
    </Product>
    <Product>
      <PriceUpdateDate>2019/04/16 16:58</PriceUpdateDate>
      <ItemCode>7290000170275</ItemCode>
      <ItemType>1</ItemType>
      <ItemName>רוזמרי חלב 100</ItemName>
      <ManufactureName>שטראוס גרופ בעמ</ManufactureName>
      <ManufactureCountry />
      <ManufactureItemDescription />
      <UnitQty>י"ח</UnitQty>
      <Quantity>100</Quantity>
      <UnitMeasure>ל  גרם</UnitMeasure>
      <BisWeighted>0</BisWeighted>
      <QtyInPackage>1</QtyInPackage>
      <ItemPrice>5.90</ItemPrice>
      <UnitOfMeasurePrice>5.90</UnitOfMeasurePrice>
      <AllowDiscount>1</AllowDiscount>
      <itemStatus>1</itemStatus>
      <LastUpdateDate />
      <LastUpdateTime />
    </Product>
    <Product>
      <PriceUpdateDate>2015/06/07 15:06</PriceUpdateDate>
      <ItemCode>7290000171470</ItemCode>
      <ItemType>1</ItemType>
      <ItemName>כיף כף</ItemName>
      <ManufactureName>שטראוס גרופ בעמ</ManufactureName>
      <ManufactureCountry />
      <ManufactureItemDescription />
      <UnitQty>י"ח</UnitQty>
      <Quantity>45</Quantity>
      <UnitMeasure>ל  גרם</UnitMeasure>
      <BisWeighted>0</BisWeighted>
      <QtyInPackage>1</QtyInPackage>
      <ItemPrice>3.90</ItemPrice>
      <UnitOfMeasurePrice>8.67</UnitOfMeasurePrice>
      <AllowDiscount>1</AllowDiscount>
      <itemStatus>1</itemStatus>
      <LastUpdateDate />
      <LastUpdateTime />
    </Product>
    <Product>
      <PriceUpdateDate>2018/10/18 17:32</PriceUpdateDate>
      <ItemCode>7290000174037</ItemCode>
      <ItemType>1</ItemType>
      <ItemName>בפלות טעם לימון 500גר`</ItemName>
      <ManufactureName>שטראוס גרופ בעמ</ManufactureName>
      <ManufactureCountry />
      <ManufactureItemDescription />
      <UnitQty>י"ח</UnitQty>
      <Quantity>500</Quantity>
      <UnitMeasure>ל  גרם</UnitMeasure>
      <BisWeighted>0</BisWeighted>
      <QtyInPackage>1</QtyInPackage>
      <ItemPrice>11.90</ItemPrice>
      <UnitOfMeasurePrice>2.38</UnitOfMeasurePrice>
      <AllowDiscount>0</AllowDiscount>
      <itemStatus>1</itemStatus>
      <LastUpdateDate />
      <LastUpdateTime />
    </Product>
    <Product>
      <PriceUpdateDate>2019/04/16 16:58</PriceUpdateDate>
      <ItemCode>7290000175027</ItemCode>
      <ItemType>1</ItemType>
      <ItemName>ממרחית עלית} {500</ItemName>
      <ManufactureName>שטראוס גרופ בעמ</ManufactureName>
      <ManufactureCountry />
      <ManufactureItemDescription />
      <UnitQty>י"ח</UnitQty>
      <Quantity>500</Quantity>
      <UnitMeasure>ל  גרם</UnitMeasure>
      <BisWeighted>0</BisWeighted>
      <QtyInPackage>1</QtyInPackage>
      <ItemPrice>11.90</ItemPrice>
      <UnitOfMeasurePrice>2.38</UnitOfMeasurePrice>
      <AllowDiscount>0</AllowDiscount>
      <itemStatus>1</itemStatus>
      <LastUpdateDate />
      <LastUpdateTime />
    </Product>
    <Product>
      <PriceUpdateDate>2020/01/01 15:27</PriceUpdateDate>
      <ItemCode>7290000176062</ItemCode>
      <ItemType>1</ItemType>
      <ItemName>קפה טורקי 100 גרם עלית.</ItemName>
      <ManufactureName>שטראוס גרופ בעמ</ManufactureName>
      <ManufactureCountry />
      <ManufactureItemDescription />
      <UnitQty>י"ח</UnitQty>
      <Quantity>100</Quantity>
      <UnitMeasure>ל  גרם</UnitMeasure>
      <BisWeighted>0</BisWeighted>
      <QtyInPackage>1</QtyInPackage>
      <ItemPrice>8.90</ItemPrice>
      <UnitOfMeasurePrice>8.90</UnitOfMeasurePrice>
      <AllowDiscount>0</AllowDiscount>
      <itemStatus>1</itemStatus>
      <LastUpdateDate />
      <LastUpdateTime />
    </Product>
    <Product>
      <PriceUpdateDate>2016/02/05 09:06</PriceUpdateDate>
      <ItemCode>7290000176413</ItemCode>
      <ItemType>1</ItemType>
      <ItemName>קפה נמס 50 ג</ItemName>
      <ManufactureName>שטראוס גרופ בעמ</ManufactureName>
      <ManufactureCountry />
      <ManufactureItemDescription />
      <UnitQty>י"ח</UnitQty>
      <Quantity>50</Quantity>
      <UnitMeasure>ל  גרם</UnitMeasure>
      <BisWeighted>0</BisWeighted>
      <QtyInPackage>1</QtyInPackage>
      <ItemPrice>9.90</ItemPrice>
      <UnitOfMeasurePrice>19.80</UnitOfMeasurePrice>
      <AllowDiscount>0</AllowDiscount>
      <itemStatus>1</itemStatus>
      <LastUpdateDate />
      <LastUpdateTime />
    </Product>
    <Product>
      <PriceUpdateDate>2016/02/22 16:24</PriceUpdateDate>
      <ItemCode>7290000176482</ItemCode>
      <ItemType>1</ItemType>
      <ItemName>קפה נמס מגדים אריזה חדשה כשל"פ</ItemName>
      <ManufactureName>שטראוס גרופ בעמ</ManufactureName>
      <ManufactureCountry />
      <ManufactureItemDescription />
      <UnitQty>י"ח</UnitQty>
      <Quantity>200</Quantity>
      <UnitMeasure>ל  גרם</UnitMeasure>
      <BisWeighted>0</BisWeighted>
      <QtyInPackage>1</QtyInPackage>
      <ItemPrice>19.90</ItemPrice>
      <UnitOfMeasurePrice>9.95</UnitOfMeasurePrice>
      <AllowDiscount>0</AllowDiscount>
      <itemStatus>1</itemStatus>
      <LastUpdateDate />
      <LastUpdateTime />
    </Product>
    <Product>
      <PriceUpdateDate>2019/01/13 12:52</PriceUpdateDate>
      <ItemCode>7290000178707</ItemCode>
      <ItemType>1</ItemType>
      <ItemName>תפוצ יפס 50 גרם</ItemName>
      <ManufactureName>שטראוס פריטו ליי בעמ</ManufactureName>
      <ManufactureCountry />
      <ManufactureItemDescription />
      <UnitQty>י"ח</UnitQty>
      <Quantity>50</Quantity>
      <UnitMeasure>ל  גרם</UnitMeasure>
      <BisWeighted>0</BisWeighted>
      <QtyInPackage>1</QtyInPackage>
      <ItemPrice>4.50</ItemPrice>
      <UnitOfMeasurePrice>9</UnitOfMeasurePrice>
      <AllowDiscount>0</AllowDiscount>
      <itemStatus>1</itemStatus>
      <LastUpdateDate />
      <LastUpdateTime />
    </Product>
    <Product>
      <PriceUpdateDate>2016/01/11 18:48</PriceUpdateDate>
      <ItemCode>7290000178721</ItemCode>
      <ItemType>1</ItemType>
      <ItemName>תפוצי פס 200 ג</ItemName>
      <ManufactureName>שטראוס פריטו ליי בעמ</ManufactureName>
      <ManufactureCountry />
      <ManufactureItemDescription />
      <UnitQty>י"ח</UnitQty>
      <Quantity>200</Quantity>
      <UnitMeasure>ל  גרם</UnitMeasure>
      <BisWeighted>0</BisWeighted>
      <QtyInPackage>1</QtyInPackage>
      <ItemPrice>9.90</ItemPrice>
      <UnitOfMeasurePrice>4.95</UnitOfMeasurePrice>
      <AllowDiscount>1</AllowDiscount>
      <itemStatus>1</itemStatus>
      <LastUpdateDate />
      <LastUpdateTime />
    </Product>
    <Product>
      <PriceUpdateDate>2015/02/01 09:25</PriceUpdateDate>
      <ItemCode>7290000179445</ItemCode>
      <ItemType>1</ItemType>
      <ItemName>בזוקה שקית 30 יחידות</ItemName>
      <ManufactureName>שטראוס גרופ בעמ</ManufactureName>
      <ManufactureCountry />
      <ManufactureItemDescription />
      <UnitQty>י"ח</UnitQty>
      <Quantity>180</Quantity>
      <UnitMeasure>ל  גרם</UnitMeasure>
      <BisWeighted>0</BisWeighted>
      <QtyInPackage>1</QtyInPackage>
      <ItemPrice>7.90</ItemPrice>
      <UnitOfMeasurePrice>4.39</UnitOfMeasurePrice>
      <AllowDiscount>0</AllowDiscount>
      <itemStatus>1</itemStatus>
      <LastUpdateDate />
      <LastUpdateTime />
    </Product>
    <Product>
      <PriceUpdateDate>2019/04/16 16:58</PriceUpdateDate>
      <ItemCode>7290000180212</ItemCode>
      <ItemType>1</ItemType>
      <ItemName>שוקולד מריר אגוז 100</ItemName>
      <ManufactureName>שטראוס גרופ בעמ</ManufactureName>
      <ManufactureCountry />
      <ManufactureItemDescription />
      <UnitQty>י"ח</UnitQty>
      <Quantity>100</Quantity>
      <UnitMeasure>ל  גרם</UnitMeasure>
      <BisWeighted>0</BisWeighted>
      <QtyInPackage>1</QtyInPackage>
      <ItemPrice>5.90</ItemPrice>
      <UnitOfMeasurePrice>5.90</UnitOfMeasurePrice>
      <AllowDiscount>1</AllowDiscount>
      <itemStatus>1</itemStatus>
      <LastUpdateDate />
      <LastUpdateTime />
    </Product>
    <Product>
      <PriceUpdateDate>2016/04/28 10:03</PriceUpdateDate>
      <ItemCode>7290000182766</ItemCode>
      <ItemType>1</ItemType>
      <ItemName>ממרח חלב לבן 500 גר</ItemName>
      <ManufactureName>שטראוס גרופ בעמ</ManufactureName>
      <ManufactureCountry />
      <ManufactureItemDescription />
      <UnitQty>י"ח</UnitQty>
      <Quantity>500</Quantity>
      <UnitMeasure>ל  גרם</UnitMeasure>
      <BisWeighted>0</BisWeighted>
      <QtyInPackage>1</QtyInPackage>
      <ItemPrice>11.90</ItemPrice>
      <UnitOfMeasurePrice>2.38</UnitOfMeasurePrice>
      <AllowDiscount>0</AllowDiscount>
      <itemStatus>1</itemStatus>
      <LastUpdateDate />
      <LastUpdateTime />
    </Product>
    <Product>
      <PriceUpdateDate>2019/01/27 13:06</PriceUpdateDate>
      <ItemCode>7290000187921</ItemCode>
      <ItemType>1</ItemType>
      <ItemName>נייר טואלט לילי 32 גלילים קלאסיק</ItemName>
      <ManufactureName>קימברלי קלארק ישראל שיווק בעמ</ManufactureName>
      <ManufactureCountry />
      <ManufactureItemDescription />
      <UnitQty>י"ח</UnitQty>
      <Quantity>588</Quantity>
      <UnitMeasure>מטר</UnitMeasure>
      <BisWeighted>0</BisWeighted>
      <QtyInPackage>1</QtyInPackage>
      <ItemPrice>31.90</ItemPrice>
      <UnitOfMeasurePrice>0.05</UnitOfMeasurePrice>
      <AllowDiscount>0</AllowDiscount>
      <itemStatus>1</itemStatus>
      <LastUpdateDate />
      <LastUpdateTime />
    </Product>
    <Product>
      <PriceUpdateDate>2018/08/08 10:56</PriceUpdateDate>
      <ItemCode>189079</ItemCode>
      <ItemType>0</ItemType>
      <ItemName>תבניות אינגליש קייק חזקות ועבות</ItemName>
      <ManufactureName>קימברלי קלארק ישראל שיווק בעמ</ManufactureName>
      <ManufactureCountry />
      <ManufactureItemDescription />
      <UnitQty>י"ח</UnitQty>
      <Quantity>1</Quantity>
      <UnitMeasure />
      <BisWeighted>0</BisWeighted>
      <QtyInPackage>1</QtyInPackage>
      <ItemPrice>11.90</ItemPrice>
      <UnitOfMeasurePrice>11.90</UnitOfMeasurePrice>
      <AllowDiscount>1</AllowDiscount>
      <itemStatus>1</itemStatus>
      <LastUpdateDate />
      <LastUpdateTime />
    </Product>
    <Product>
      <PriceUpdateDate>2018/08/08 10:55</PriceUpdateDate>
      <ItemCode>189116</ItemCode>
      <ItemType>0</ItemType>
      <ItemName>תבניות עגולות חזקות ועבות</ItemName>
      <ManufactureName>קימברלי קלארק ישראל שיווק בעמ</ManufactureName>
      <ManufactureCountry />
      <ManufactureItemDescription />
      <UnitQty>י"ח</UnitQty>
      <Quantity>1</Quantity>
      <UnitMeasure />
      <BisWeighted>0</BisWeighted>
      <QtyInPackage>1</QtyInPackage>
      <ItemPrice>11.90</ItemPrice>
      <UnitOfMeasurePrice>11.90</UnitOfMeasurePrice>
      <AllowDiscount>1</AllowDiscount>
      <itemStatus>1</itemStatus>
      <LastUpdateDate />
      <LastUpdateTime />
    </Product>
    <Product>
      <PriceUpdateDate>2015/07/13 11:41</PriceUpdateDate>
      <ItemCode>7290000189192</ItemCode>
      <ItemType>1</ItemType>
      <ItemName>מגבת רב שימושית  ניקול  64 יח`</ItemName>
      <ManufactureName>קימברלי קלארק ישראל שיווק בעמ</ManufactureName>
      <ManufactureCountry />
      <ManufactureItemDescription />
      <UnitQty>י"ח</UnitQty>
      <Quantity>1</Quantity>
      <UnitMeasure>י"ח</UnitMeasure>
      <BisWeighted>0</BisWeighted>
      <QtyInPackage>1</QtyInPackage>
      <ItemPrice>18.90</ItemPrice>
      <UnitOfMeasurePrice>18.90</UnitOfMeasurePrice>
      <AllowDiscount>0</AllowDiscount>
      <itemStatus>1</itemStatus>
      <LastUpdateDate />
      <LastUpdateTime />
    </Product>
    <Product>
      <PriceUpdateDate>2018/08/08 10:55</PriceUpdateDate>
      <ItemCode>189260</ItemCode>
      <ItemType>0</ItemType>
      <ItemName>תבניות מלבניות חזקות ועבות</ItemName>
      <ManufactureName>קימברלי קלארק ישראל שיווק בעמ</ManufactureName>
      <ManufactureCountry />
      <ManufactureItemDescription />
      <UnitQty>י"ח</UnitQty>
      <Quantity>1</Quantity>
      <UnitMeasure />
      <BisWeighted>0</BisWeighted>
      <QtyInPackage>1</QtyInPackage>
      <ItemPrice>11.90</ItemPrice>
      <UnitOfMeasurePrice>11.90</UnitOfMeasurePrice>
      <AllowDiscount>1</AllowDiscount>
      <itemStatus>1</itemStatus>
      <LastUpdateDate />
      <LastUpdateTime />
    </Product>
    <Product>
      <PriceUpdateDate>2018/08/08 10:55</PriceUpdateDate>
      <ItemCode>189277</ItemCode>
      <ItemType>0</ItemType>
      <ItemName>.תבניות מלבניות גדולות ועמוקות</ItemName>
      <ManufactureName>קימברלי קלארק ישראל שיווק בעמ</ManufactureName>
      <ManufactureCountry />
      <ManufactureItemDescription />
      <UnitQty>י"ח</UnitQty>
      <Quantity>1</Quantity>
      <UnitMeasure />
      <BisWeighted>0</BisWeighted>
      <QtyInPackage>1</QtyInPackage>
      <ItemPrice>11.90</ItemPrice>
      <UnitOfMeasurePrice>11.90</UnitOfMeasurePrice>
      <AllowDiscount>1</AllowDiscount>
      <itemStatus>1</itemStatus>
      <LastUpdateDate />
      <LastUpdateTime />
    </Product>
    <Product>
      <PriceUpdateDate>2016/02/05 10:34</PriceUpdateDate>
      <ItemCode>7290000189536</ItemCode>
      <ItemType>1</ItemType>
      <ItemName>אשפתון 40 יח M</ItemName>
      <ManufactureName>קימברלי קלארק ישראל שיווק בעמ</ManufactureName>
      <ManufactureCountry />
      <ManufactureItemDescription />
      <UnitQty>י"ח</UnitQty>
      <Quantity>40</Quantity>
      <UnitMeasure>י"ח</UnitMeasure>
      <BisWeighted>0</BisWeighted>
      <QtyInPackage>1</QtyInPackage>
      <ItemPrice>21.90</ItemPrice>
      <UnitOfMeasurePrice>0.55</UnitOfMeasurePrice>
      <AllowDiscount>0</AllowDiscount>
      <itemStatus>1</itemStatus>
      <LastUpdateDate />
      <LastUpdateTime />
    </Product>
    <Product>
      <PriceUpdateDate>2015/05/26 19:42</PriceUpdateDate>
      <ItemCode>189758</ItemCode>
      <ItemType>0</ItemType>
      <ItemName>קוטקס דיזיין מגיני תחתון נורמל 50 יחידות</ItemName>
      <ManufactureName>קימברלי קלארק ישראל שיווק בעמ</ManufactureName>
      <ManufactureCountry />
      <ManufactureItemDescription />
      <UnitQty>י"ח</UnitQty>
      <Quantity>50</Quantity>
      <UnitMeasure>י"ח</UnitMeasure>
      <BisWeighted>0</BisWeighted>
      <QtyInPackage>1</QtyInPackage>
      <ItemPrice>21.90</ItemPrice>
      <UnitOfMeasurePrice>0.44</UnitOfMeasurePrice>
      <AllowDiscount>0</AllowDiscount>
      <itemStatus>1</itemStatus>
      <LastUpdateDate />
      <LastUpdateTime />
    </Product>
    <Product>
      <PriceUpdateDate>2020/01/06 10:31</PriceUpdateDate>
      <ItemCode>189871</ItemCode>
      <ItemType>0</ItemType>
      <ItemName>ניקול אשפתון פחים גדולים 55יח</ItemName>
      <ManufactureName>קימברלי קלארק ישראל שיווק בעמ</ManufactureName>
      <ManufactureCountry />
      <ManufactureItemDescription />
      <UnitQty>י"ח</UnitQty>
      <Quantity>55</Quantity>
      <UnitMeasure>י"ח</UnitMeasure>
      <BisWeighted>0</BisWeighted>
      <QtyInPackage>1</QtyInPackage>
      <ItemPrice>19.90</ItemPrice>
      <UnitOfMeasurePrice>0.36</UnitOfMeasurePrice>
      <AllowDiscount>1</AllowDiscount>
      <itemStatus>1</itemStatus>
      <LastUpdateDate />
      <LastUpdateTime />
    </Product>
    <Product>
      <PriceUpdateDate>2016/02/05 10:35</PriceUpdateDate>
      <ItemCode>7290000190068</ItemCode>
      <ItemType>1</ItemType>
      <ItemName>מפיות ניקול 100 יח לבן</ItemName>
      <ManufactureName>קימברלי קלארק ישראל שיווק בעמ</ManufactureName>
      <ManufactureCountry />
      <ManufactureItemDescription />
      <UnitQty>י"ח</UnitQty>
      <Quantity>100</Quantity>
      <UnitMeasure>י"ח</UnitMeasure>
      <BisWeighted>0</BisWeighted>
      <QtyInPackage>1</QtyInPackage>
      <ItemPrice>7.90</ItemPrice>
      <UnitOfMeasurePrice>0.08</UnitOfMeasurePrice>
      <AllowDiscount>1</AllowDiscount>
      <itemStatus>1</itemStatus>
      <LastUpdateDate />
      <LastUpdateTime />
    </Product>
    <Product>
      <PriceUpdateDate>2016/05/09 11:31</PriceUpdateDate>
      <ItemCode>191225</ItemCode>
      <ItemType>0</ItemType>
      <ItemName>האגיס ליטל בייביס שלב 2 חדש</ItemName>
      <ManufactureName>קימברלי קלארק ישראל שיווק בעמ</ManufactureName>
      <ManufactureCountry />
      <ManufactureItemDescription />
      <UnitQty>י"ח</UnitQty>
      <Quantity>1</Quantity>
      <UnitMeasure>י"ח</UnitMeasure>
      <BisWeighted>0</BisWeighted>
      <QtyInPackage>1</QtyInPackage>
      <ItemPrice>29.90</ItemPrice>
      <UnitOfMeasurePrice>29.90</UnitOfMeasurePrice>
      <AllowDiscount>0</AllowDiscount>
      <itemStatus>1</itemStatus>
      <LastUpdateDate />
      <LastUpdateTime />
    </Product>
    <Product>
      <PriceUpdateDate>2018/06/13 12:25</PriceUpdateDate>
      <ItemCode>7290000191393</ItemCode>
      <ItemType>1</ItemType>
      <ItemName>ממחטות נייר סופט חתוך  7יחידות</ItemName>
      <ManufactureName>קימברלי קלארק ישראל שיווק בעמ</ManufactureName>
      <ManufactureCountry />
      <ManufactureItemDescription />
      <UnitQty>י"ח</UnitQty>
      <Quantity>822.50</Quantity>
      <UnitMeasure>ל  גרם</UnitMeasure>
      <BisWeighted>0</BisWeighted>
      <QtyInPackage>1</QtyInPackage>
      <ItemPrice>19.90</ItemPrice>
      <UnitOfMeasurePrice>2.42</UnitOfMeasurePrice>
      <AllowDiscount>0</AllowDiscount>
      <itemStatus>1</itemStatus>
      <LastUpdateDate />
      <LastUpdateTime />
    </Product>
    <Product>
      <PriceUpdateDate>2018/12/11 09:37</PriceUpdateDate>
      <ItemCode>7290000191539</ItemCode>
      <ItemType>1</ItemType>
      <ItemName>לילי צבעוני חמישיה</ItemName>
      <ManufactureName>קימברלי קלארק ישראל שיווק בעמ</ManufactureName>
      <ManufactureCountry />
      <ManufactureItemDescription />
      <UnitQty>י"ח</UnitQty>
      <Quantity>593</Quantity>
      <UnitMeasure>ל  גרם</UnitMeasure>
      <BisWeighted>0</BisWeighted>
      <QtyInPackage>1</QtyInPackage>
      <ItemPrice>15.90</ItemPrice>
      <UnitOfMeasurePrice>2.68</UnitOfMeasurePrice>
      <AllowDiscount>0</AllowDiscount>
      <itemStatus>1</itemStatus>
      <LastUpdateDate />
      <LastUpdateTime />
    </Product>
    <Product>
      <PriceUpdateDate>2019/08/05 09:00</PriceUpdateDate>
      <ItemCode>7290000191966</ItemCode>
      <ItemType>1</ItemType>
      <ItemName>לילי לח נטורל קר 48 דפים.</ItemName>
      <ManufactureName>קימברלי קלארק ישראל שיווק בעמ</ManufactureName>
      <ManufactureCountry />
      <ManufactureItemDescription />
      <UnitQty>י"ח</UnitQty>
      <Quantity>59</Quantity>
      <UnitMeasure>ל  גרם</UnitMeasure>
      <BisWeighted>0</BisWeighted>
      <QtyInPackage>1</QtyInPackage>
      <ItemPrice>7.90</ItemPrice>
      <UnitOfMeasurePrice>13.39</UnitOfMeasurePrice>
      <AllowDiscount>1</AllowDiscount>
      <itemStatus>1</itemStatus>
      <LastUpdateDate />
      <LastUpdateTime />
    </Product>
    <Product>
      <PriceUpdateDate>2016/12/28 13:00</PriceUpdateDate>
      <ItemCode>7290000193014</ItemCode>
      <ItemType>1</ItemType>
      <ItemName>פדיות אינטרלוד 5</ItemName>
      <ManufactureName>קימברלי קלארק ישראל שיווק בעמ</ManufactureName>
      <ManufactureCountry />
      <ManufactureItemDescription />
      <UnitQty>י"ח</UnitQty>
      <Quantity>1</Quantity>
      <UnitMeasure>י"ח</UnitMeasure>
      <BisWeighted>0</BisWeighted>
      <QtyInPackage>1</QtyInPackage>
      <ItemPrice>9.90</ItemPrice>
      <UnitOfMeasurePrice>9.90</UnitOfMeasurePrice>
      <AllowDiscount>0</AllowDiscount>
      <itemStatus>1</itemStatus>
      <LastUpdateDate />
      <LastUpdateTime />
    </Product>
    <Product>
      <PriceUpdateDate>2018/12/11 09:37</PriceUpdateDate>
      <ItemCode>7290000193083</ItemCode>
      <ItemType>1</ItemType>
      <ItemName>נובה לי</ItemName>
      <ManufactureName>קימברלי קלארק ישראל שיווק בעמ</ManufactureName>
      <ManufactureCountry />
      <ManufactureItemDescription />
      <UnitQty>י"ח</UnitQty>
      <Quantity>1</Quantity>
      <UnitMeasure>י"ח</UnitMeasure>
      <BisWeighted>0</BisWeighted>
      <QtyInPackage>1</QtyInPackage>
      <ItemPrice>11.90</ItemPrice>
      <UnitOfMeasurePrice>11.90</UnitOfMeasurePrice>
      <AllowDiscount>0</AllowDiscount>
      <itemStatus>1</itemStatus>
      <LastUpdateDate />
      <LastUpdateTime />
    </Product>
    <Product>
      <PriceUpdateDate>2018/12/11 09:37</PriceUpdateDate>
      <ItemCode>7290000193205</ItemCode>
      <ItemType>1</ItemType>
      <ItemName>לילי נטורל לילה</ItemName>
      <ManufactureName>קימברלי קלארק ישראל שיווק בעמ</ManufactureName>
      <ManufactureCountry />
      <ManufactureItemDescription />
      <UnitQty>י"ח</UnitQty>
      <Quantity>1</Quantity>
      <UnitMeasure>י"ח</UnitMeasure>
      <BisWeighted>0</BisWeighted>
      <QtyInPackage>1</QtyInPackage>
      <ItemPrice>16.90</ItemPrice>
      <UnitOfMeasurePrice>16.90</UnitOfMeasurePrice>
      <AllowDiscount>1</AllowDiscount>
      <itemStatus>1</itemStatus>
      <LastUpdateDate />
      <LastUpdateTime />
    </Product>
    <Product>
      <PriceUpdateDate>2018/12/11 09:37</PriceUpdateDate>
      <ItemCode>7290000193540</ItemCode>
      <ItemType>1</ItemType>
      <ItemName>לילי אינטימייט לונג</ItemName>
      <ManufactureName>קימברלי קלארק ישראל שיווק בעמ</ManufactureName>
      <ManufactureCountry />
      <ManufactureItemDescription />
      <UnitQty>י"ח</UnitQty>
      <Quantity>1</Quantity>
      <UnitMeasure>י"ח</UnitMeasure>
      <BisWeighted>0</BisWeighted>
      <QtyInPackage>1</QtyInPackage>
      <ItemPrice>16.90</ItemPrice>
      <UnitOfMeasurePrice>16.90</UnitOfMeasurePrice>
      <AllowDiscount>1</AllowDiscount>
      <itemStatus>1</itemStatus>
      <LastUpdateDate />
      <LastUpdateTime />
    </Product>
    <Product>
      <PriceUpdateDate>2018/12/11 09:37</PriceUpdateDate>
      <ItemCode>7290000193618</ItemCode>
      <ItemType>1</ItemType>
      <ItemName>פדית לייט לילי</ItemName>
      <ManufactureName>קימברלי קלארק ישראל שיווק בעמ</ManufactureName>
      <ManufactureCountry />
      <ManufactureItemDescription />
      <UnitQty>י"ח</UnitQty>
      <Quantity>1</Quantity>
      <UnitMeasure>י"ח</UnitMeasure>
      <BisWeighted>0</BisWeighted>
      <QtyInPackage>1</QtyInPackage>
      <ItemPrice>16.90</ItemPrice>
      <UnitOfMeasurePrice>16.90</UnitOfMeasurePrice>
      <AllowDiscount>1</AllowDiscount>
      <itemStatus>1</itemStatus>
      <LastUpdateDate />
      <LastUpdateTime />
    </Product>
    <Product>
      <PriceUpdateDate>2018/07/22 10:57</PriceUpdateDate>
      <ItemCode>194288</ItemCode>
      <ItemType>0</ItemType>
      <ItemName>משטח החתלה</ItemName>
      <ManufactureName>קימברלי קלארק ישראל שיווק בעמ</ManufactureName>
      <ManufactureCountry />
      <ManufactureItemDescription />
      <UnitQty>י"ח</UnitQty>
      <Quantity>1</Quantity>
      <UnitMeasure />
      <BisWeighted>0</BisWeighted>
      <QtyInPackage>1</QtyInPackage>
      <ItemPrice>19.90</ItemPrice>
      <UnitOfMeasurePrice>19.90</UnitOfMeasurePrice>
      <AllowDiscount>0</AllowDiscount>
      <itemStatus>1</itemStatus>
      <LastUpdateDate />
      <LastUpdateTime />
    </Product>
    <Product>
      <PriceUpdateDate>2019/09/15 11:35</PriceUpdateDate>
      <ItemCode>7290000195537</ItemCode>
      <ItemType>1</ItemType>
      <ItemName>מגבוני האגיס קמומיל 4 יח</ItemName>
      <ManufactureName>קימברלי קלארק ישראל שיווק בעמ</ManufactureName>
      <ManufactureCountry />
      <ManufactureItemDescription />
      <UnitQty>י"ח</UnitQty>
      <Quantity>4</Quantity>
      <UnitMeasure>י"ח</UnitMeasure>
      <BisWeighted>0</BisWeighted>
      <QtyInPackage>1</QtyInPackage>
      <ItemPrice>18.90</ItemPrice>
      <UnitOfMeasurePrice>4.73</UnitOfMeasurePrice>
      <AllowDiscount>1</AllowDiscount>
      <itemStatus>1</itemStatus>
      <LastUpdateDate />
      <LastUpdateTime />
    </Product>
    <Product>
      <PriceUpdateDate>2019/07/15 10:23</PriceUpdateDate>
      <ItemCode>7290000195544</ItemCode>
      <ItemType>1</ItemType>
      <ItemName>מגבוני האגיס מבושם קמומיל</ItemName>
      <ManufactureName>קימברלי קלארק ישראל שיווק בעמ</ManufactureName>
      <ManufactureCountry />
      <ManufactureItemDescription />
      <UnitQty>י"ח</UnitQty>
      <Quantity>4</Quantity>
      <UnitMeasure>י"ח</UnitMeasure>
      <BisWeighted>0</BisWeighted>
      <QtyInPackage>1</QtyInPackage>
      <ItemPrice>18.90</ItemPrice>
      <UnitOfMeasurePrice>4.73</UnitOfMeasurePrice>
      <AllowDiscount>1</AllowDiscount>
      <itemStatus>1</itemStatus>
      <LastUpdateDate />
      <LastUpdateTime />
    </Product>
    <Product>
      <PriceUpdateDate>2016/12/28 13:01</PriceUpdateDate>
      <ItemCode>7290000196039</ItemCode>
      <ItemType>1</ItemType>
      <ItemName>מפות איריס</ItemName>
      <ManufactureName>קימברלי קלארק ישראל שיווק בעמ</ManufactureName>
      <ManufactureCountry />
      <ManufactureItemDescription />
      <UnitQty>י"ח</UnitQty>
      <Quantity>250</Quantity>
      <UnitMeasure>ל  גרם</UnitMeasure>
      <BisWeighted>0</BisWeighted>
      <QtyInPackage>1</QtyInPackage>
      <ItemPrice>9.90</ItemPrice>
      <UnitOfMeasurePrice>3.96</UnitOfMeasurePrice>
      <AllowDiscount>0</AllowDiscount>
      <itemStatus>1</itemStatus>
      <LastUpdateDate />
      <LastUpdateTime />
    </Product>
    <Product>
      <PriceUpdateDate>2016/02/05 10:38</PriceUpdateDate>
      <ItemCode>7290000197029</ItemCode>
      <ItemType>1</ItemType>
      <ItemName>12 שקיות ריצ  רצ  לאחסון</ItemName>
      <ManufactureName>קימברלי קלארק ישראל שיווק בעמ</ManufactureName>
      <ManufactureCountry />
      <ManufactureItemDescription />
      <UnitQty>י"ח</UnitQty>
      <Quantity>12</Quantity>
      <UnitMeasure>י"ח</UnitMeasure>
      <BisWeighted>0</BisWeighted>
      <QtyInPackage>1</QtyInPackage>
      <ItemPrice>15.90</ItemPrice>
      <UnitOfMeasurePrice>1.33</UnitOfMeasurePrice>
      <AllowDiscount>0</AllowDiscount>
      <itemStatus>1</itemStatus>
      <LastUpdateDate />
      <LastUpdateTime />
    </Product>
    <Product>
      <PriceUpdateDate>2016/02/05 10:38</PriceUpdateDate>
      <ItemCode>7290000197340</ItemCode>
      <ItemType>1</ItemType>
      <ItemName>רדיד אלומיניום  זוג  ניקול</ItemName>
      <ManufactureName>קימברלי קלארק ישראל שיווק בעמ</ManufactureName>
      <ManufactureCountry />
      <ManufactureItemDescription />
      <UnitQty>י"ח</UnitQty>
      <Quantity>1</Quantity>
      <UnitMeasure>י"ח</UnitMeasure>
      <BisWeighted>0</BisWeighted>
      <QtyInPackage>1</QtyInPackage>
      <ItemPrice>19.90</ItemPrice>
      <UnitOfMeasurePrice>19.90</UnitOfMeasurePrice>
      <AllowDiscount>0</AllowDiscount>
      <itemStatus>1</itemStatus>
      <LastUpdateDate />
      <LastUpdateTime />
    </Product>
    <Product>
      <PriceUpdateDate>2020/02/10 00:19</PriceUpdateDate>
      <ItemCode>197425</ItemCode>
      <ItemType>0</ItemType>
      <ItemName>האגיס פרידום דריי שלב 3</ItemName>
      <ManufactureName>קימברלי קלארק ישראל שיווק בעמ</ManufactureName>
      <ManufactureCountry />
      <ManufactureItemDescription />
      <UnitQty>י"ח</UnitQty>
      <Quantity>54</Quantity>
      <UnitMeasure>י"ח</UnitMeasure>
      <BisWeighted>0</BisWeighted>
      <QtyInPackage>1</QtyInPackage>
      <ItemPrice>39.90</ItemPrice>
      <UnitOfMeasurePrice>0.74</UnitOfMeasurePrice>
      <AllowDiscount>1</AllowDiscount>
      <itemStatus>1</itemStatus>
      <LastUpdateDate />
      <LastUpdateTime />
    </Product>
    <Product>
      <PriceUpdateDate>2017/11/20 13:18</PriceUpdateDate>
      <ItemCode>7290000197432</ItemCode>
      <ItemType>1</ItemType>
      <ItemName>סנדויצ ון זוג חוגלה</ItemName>
      <ManufactureName>קימברלי קלארק ישראל שיווק בעמ</ManufactureName>
      <ManufactureCountry />
      <ManufactureItemDescription />
      <UnitQty>י"ח</UnitQty>
      <Quantity>2</Quantity>
      <UnitMeasure>י"ח</UnitMeasure>
      <BisWeighted>0</BisWeighted>
      <QtyInPackage>1</QtyInPackage>
      <ItemPrice>11.90</ItemPrice>
      <UnitOfMeasurePrice>5.95</UnitOfMeasurePrice>
      <AllowDiscount>0</AllowDiscount>
      <itemStatus>1</itemStatus>
      <LastUpdateDate />
      <LastUpdateTime />
    </Product>
    <Product>
      <PriceUpdateDate>2020/02/10 00:19</PriceUpdateDate>
      <ItemCode>197463</ItemCode>
      <ItemType>0</ItemType>
      <ItemName>האגיס פרידום דריי שלב 4+</ItemName>
      <ManufactureName>קימברלי קלארק ישראל שיווק בעמ</ManufactureName>
      <ManufactureCountry />
      <ManufactureItemDescription />
      <UnitQty>י"ח</UnitQty>
      <Quantity>42</Quantity>
      <UnitMeasure>י"ח</UnitMeasure>
      <BisWeighted>0</BisWeighted>
      <QtyInPackage>1</QtyInPackage>
      <ItemPrice>39.90</ItemPrice>
      <UnitOfMeasurePrice>0.95</UnitOfMeasurePrice>
      <AllowDiscount>1</AllowDiscount>
      <itemStatus>1</itemStatus>
      <LastUpdateDate />
      <LastUpdateTime />
    </Product>
    <Product>
      <PriceUpdateDate>2016/02/05 10:39</PriceUpdateDate>
      <ItemCode>7290000197470</ItemCode>
      <ItemType>1</ItemType>
      <ItemName>מקפיאון שקיות 100*3</ItemName>
      <ManufactureName>קימברלי קלארק ישראל שיווק בעמ</ManufactureName>
      <ManufactureCountry />
      <ManufactureItemDescription />
      <UnitQty>י"ח</UnitQty>
      <Quantity>200</Quantity>
      <UnitMeasure>י"ח</UnitMeasure>
      <BisWeighted>0</BisWeighted>
      <QtyInPackage>1</QtyInPackage>
      <ItemPrice>16.90</ItemPrice>
      <UnitOfMeasurePrice>0.08</UnitOfMeasurePrice>
      <AllowDiscount>0</AllowDiscount>
      <itemStatus>1</itemStatus>
      <LastUpdateDate />
      <LastUpdateTime />
    </Product>
    <Product>
      <PriceUpdateDate>2016/02/05 10:39</PriceUpdateDate>
      <ItemCode>7290000197654</ItemCode>
      <ItemType>1</ItemType>
      <ItemName>ניקול אשפתון פחים ענקיים 45יח</ItemName>
      <ManufactureName>קימברלי קלארק ישראל שיווק בעמ</ManufactureName>
      <ManufactureCountry />
      <ManufactureItemDescription />
      <UnitQty>י"ח</UnitQty>
      <Quantity>45</Quantity>
      <UnitMeasure>י"ח</UnitMeasure>
      <BisWeighted>0</BisWeighted>
      <QtyInPackage>1</QtyInPackage>
      <ItemPrice>21.90</ItemPrice>
      <UnitOfMeasurePrice>0.49</UnitOfMeasurePrice>
      <AllowDiscount>0</AllowDiscount>
      <itemStatus>1</itemStatus>
      <LastUpdateDate />
      <LastUpdateTime />
    </Product>
    <Product>
      <PriceUpdateDate>2020/02/10 00:20</PriceUpdateDate>
      <ItemCode>197678</ItemCode>
      <ItemType>0</ItemType>
      <ItemName>האגיס פרידום דריי שלב6</ItemName>
      <ManufactureName>קימברלי קלארק ישראל שיווק בעמ</ManufactureName>
      <ManufactureCountry />
      <ManufactureItemDescription />
      <UnitQty>י"ח</UnitQty>
      <Quantity>34</Quantity>
      <UnitMeasure>י"ח</UnitMeasure>
      <BisWeighted>0</BisWeighted>
      <QtyInPackage>1</QtyInPackage>
      <ItemPrice>39.90</ItemPrice>
      <UnitOfMeasurePrice>1.17</UnitOfMeasurePrice>
      <AllowDiscount>1</AllowDiscount>
      <itemStatus>1</itemStatus>
      <LastUpdateDate />
      <LastUpdateTime />
    </Product>
    <Product>
      <PriceUpdateDate>2016/02/05 10:40</PriceUpdateDate>
      <ItemCode>7290000197753</ItemCode>
      <ItemType>1</ItemType>
      <ItemName>ניילון נצמד נילונית 30  מ`זוג</ItemName>
      <ManufactureName>קימברלי קלארק ישראל שיווק בעמ</ManufactureName>
      <ManufactureCountry />
      <ManufactureItemDescription />
      <UnitQty>י"ח</UnitQty>
      <Quantity>1</Quantity>
      <UnitMeasure>י"ח</UnitMeasure>
      <BisWeighted>0</BisWeighted>
      <QtyInPackage>1</QtyInPackage>
      <ItemPrice>14.90</ItemPrice>
      <UnitOfMeasurePrice>14.90</UnitOfMeasurePrice>
      <AllowDiscount>0</AllowDiscount>
      <itemStatus>1</itemStatus>
      <LastUpdateDate />
      <LastUpdateTime />
    </Product>
    <Product>
      <PriceUpdateDate>2016/02/05 10:40</PriceUpdateDate>
      <ItemCode>7290000197982</ItemCode>
      <ItemType>1</ItemType>
      <ItemName>גלילית 7.5*45 רדיד זוגות</ItemName>
      <ManufactureName>קימברלי קלארק ישראל שיווק בעמ</ManufactureName>
      <ManufactureCountry />
      <ManufactureItemDescription />
      <UnitQty>י"ח</UnitQty>
      <Quantity>2</Quantity>
      <UnitMeasure>י"ח</UnitMeasure>
      <BisWeighted>0</BisWeighted>
      <QtyInPackage>1</QtyInPackage>
      <ItemPrice>23.90</ItemPrice>
      <UnitOfMeasurePrice>11.95</UnitOfMeasurePrice>
      <AllowDiscount>0</AllowDiscount>
      <itemStatus>1</itemStatus>
      <LastUpdateDate />
      <LastUpdateTime />
    </Product>
    <Product>
      <PriceUpdateDate>2013/12/10 15:08</PriceUpdateDate>
      <ItemCode>7290000197999</ItemCode>
      <ItemType>1</ItemType>
      <ItemName>רדיד אלומיניום זוג</ItemName>
      <ManufactureName>קימברלי קלארק ישראל שיווק בעמ</ManufactureName>
      <ManufactureCountry />
      <ManufactureItemDescription />
      <UnitQty>י"ח</UnitQty>
      <Quantity>1</Quantity>
      <UnitMeasure>י"ח</UnitMeasure>
      <BisWeighted>0</BisWeighted>
      <QtyInPackage>1</QtyInPackage>
      <ItemPrice>17.20</ItemPrice>
      <UnitOfMeasurePrice>17.20</UnitOfMeasurePrice>
      <AllowDiscount>0</AllowDiscount>
      <itemStatus>1</itemStatus>
      <LastUpdateDate />
      <LastUpdateTime />
    </Product>
    <Product>
      <PriceUpdateDate>2016/03/06 17:32</PriceUpdateDate>
      <ItemCode>7290000199313</ItemCode>
      <ItemType>1</ItemType>
      <ItemName>תחבושות קוטקס יאנג</ItemName>
      <ManufactureName>קימברלי קלארק ישראל שיווק בעמ</ManufactureName>
      <ManufactureCountry />
      <ManufactureItemDescription />
      <UnitQty>י"ח</UnitQty>
      <Quantity>1</Quantity>
      <UnitMeasure>י"ח</UnitMeasure>
      <BisWeighted>0</BisWeighted>
      <QtyInPackage>1</QtyInPackage>
      <ItemPrice>21.90</ItemPrice>
      <UnitOfMeasurePrice>21.90</UnitOfMeasurePrice>
      <AllowDiscount>1</AllowDiscount>
      <itemStatus>1</itemStatus>
      <LastUpdateDate />
      <LastUpdateTime />
    </Product>
    <Product>
      <PriceUpdateDate>2016/08/04 08:20</PriceUpdateDate>
      <ItemCode>201863</ItemCode>
      <ItemType>0</ItemType>
      <ItemName>טיטולים פרמיום שלב 5</ItemName>
      <ManufactureName>קימברלי קלארק ישראל שיווק בעמ</ManufactureName>
      <ManufactureCountry />
      <ManufactureItemDescription />
      <UnitQty>י"ח</UnitQty>
      <Quantity>1</Quantity>
      <UnitMeasure>י"ח</UnitMeasure>
      <BisWeighted>0</BisWeighted>
      <QtyInPackage>1</QtyInPackage>
      <ItemPrice>34.90</ItemPrice>
      <UnitOfMeasurePrice>34.90</UnitOfMeasurePrice>
      <AllowDiscount>1</AllowDiscount>
      <itemStatus>1</itemStatus>
      <LastUpdateDate />
      <LastUpdateTime />
    </Product>
    <Product>
      <PriceUpdateDate>2016/08/04 08:20</PriceUpdateDate>
      <ItemCode>201870</ItemCode>
      <ItemType>0</ItemType>
      <ItemName>טיטולים פרמיום שלב 6</ItemName>
      <ManufactureName>קימברלי קלארק ישראל שיווק בעמ</ManufactureName>
      <ManufactureCountry />
      <ManufactureItemDescription />
      <UnitQty>י"ח</UnitQty>
      <Quantity>1</Quantity>
      <UnitMeasure>י"ח</UnitMeasure>
      <BisWeighted>0</BisWeighted>
      <QtyInPackage>1</QtyInPackage>
      <ItemPrice>34.90</ItemPrice>
      <UnitOfMeasurePrice>34.90</UnitOfMeasurePrice>
      <AllowDiscount>1</AllowDiscount>
      <itemStatus>1</itemStatus>
      <LastUpdateDate />
      <LastUpdateTime />
    </Product>
    <Product>
      <PriceUpdateDate>2013/12/10 15:08</PriceUpdateDate>
      <ItemCode>7290000204307</ItemCode>
      <ItemType>1</ItemType>
      <ItemName>מטלית רב שימושית 40 יח</ItemName>
      <ManufactureName>קימברלי קלארק ישראל שיווק בעמ</ManufactureName>
      <ManufactureCountry />
      <ManufactureItemDescription />
      <UnitQty>י"ח</UnitQty>
      <Quantity>40</Quantity>
      <UnitMeasure>י"ח</UnitMeasure>
      <BisWeighted>0</BisWeighted>
      <QtyInPackage>1</QtyInPackage>
      <ItemPrice>22</ItemPrice>
      <UnitOfMeasurePrice>0.55</UnitOfMeasurePrice>
      <AllowDiscount>0</AllowDiscount>
      <itemStatus>1</itemStatus>
      <LastUpdateDate />
      <LastUpdateTime />
    </Product>
    <Product>
      <PriceUpdateDate>2016/06/08 14:20</PriceUpdateDate>
      <ItemCode>7290000205526</ItemCode>
      <ItemType>1</ItemType>
      <ItemName>פיסגה רצפות</ItemName>
      <ManufactureName>החב הדרומית לשיווק</ManufactureName>
      <ManufactureCountry />
      <ManufactureItemDescription />
      <UnitQty>י"ח</UnitQty>
      <Quantity>2</Quantity>
      <UnitMeasure>ליטר</UnitMeasure>
      <BisWeighted>0</BisWeighted>
      <QtyInPackage>1</QtyInPackage>
      <ItemPrice>9.90</ItemPrice>
      <UnitOfMeasurePrice>4.95</UnitOfMeasurePrice>
      <AllowDiscount>0</AllowDiscount>
      <itemStatus>1</itemStatus>
      <LastUpdateDate />
      <LastUpdateTime />
    </Product>
    <Product>
      <PriceUpdateDate>2015/12/07 10:57</PriceUpdateDate>
      <ItemCode>205915</ItemCode>
      <ItemType>0</ItemType>
      <ItemName>האגיס אקסטרא קר מידה 4</ItemName>
      <ManufactureName>קימברלי קלארק ישראל שיווק בעמ</ManufactureName>
      <ManufactureCountry />
      <ManufactureItemDescription />
      <UnitQty>י"ח</UnitQty>
      <Quantity>1</Quantity>
      <UnitMeasure>י"ח</UnitMeasure>
      <BisWeighted>0</BisWeighted>
      <QtyInPackage>1</QtyInPackage>
      <ItemPrice>54.90</ItemPrice>
      <UnitOfMeasurePrice>54.90</UnitOfMeasurePrice>
      <AllowDiscount>0</AllowDiscount>
      <itemStatus>1</itemStatus>
      <LastUpdateDate />
      <LastUpdateTime />
    </Product>
    <Product>
      <PriceUpdateDate>2019/08/28 09:17</PriceUpdateDate>
      <ItemCode>7290000207438</ItemCode>
      <ItemType>1</ItemType>
      <ItemName>קוביות עגבניות פריכוז</ItemName>
      <ManufactureName>זנלכל בעמ</ManufactureName>
      <ManufactureCountry />
      <ManufactureItemDescription />
      <UnitQty>י"ח</UnitQty>
      <Quantity>800</Quantity>
      <UnitMeasure>ל  גרם</UnitMeasure>
      <BisWeighted>0</BisWeighted>
      <QtyInPackage>1</QtyInPackage>
      <ItemPrice>6.90</ItemPrice>
      <UnitOfMeasurePrice>0.86</UnitOfMeasurePrice>
      <AllowDiscount>1</AllowDiscount>
      <itemStatus>1</itemStatus>
      <LastUpdateDate />
      <LastUpdateTime />
    </Product>
    <Product>
      <PriceUpdateDate>2019/08/28 09:17</PriceUpdateDate>
      <ItemCode>7290000208022</ItemCode>
      <ItemType>1</ItemType>
      <ItemName>עגבניות מרוסקות 800 בד"צ</ItemName>
      <ManufactureName>זנלכל בעמ</ManufactureName>
      <ManufactureCountry />
      <ManufactureItemDescription />
      <UnitQty>י"ח</UnitQty>
      <Quantity>800</Quantity>
      <UnitMeasure>ל  גרם</UnitMeasure>
      <BisWeighted>0</BisWeighted>
      <QtyInPackage>1</QtyInPackage>
      <ItemPrice>6.90</ItemPrice>
      <UnitOfMeasurePrice>0.86</UnitOfMeasurePrice>
      <AllowDiscount>1</AllowDiscount>
      <itemStatus>1</itemStatus>
      <LastUpdateDate />
      <LastUpdateTime />
    </Product>
    <Product>
      <PriceUpdateDate>2014/08/04 14:49</PriceUpdateDate>
      <ItemCode>7290000208077</ItemCode>
      <ItemType>1</ItemType>
      <ItemName>אפונת   גינה{גדול}יכין</ItemName>
      <ManufactureName>זנלכל בעמ</ManufactureName>
      <ManufactureCountry />
      <ManufactureItemDescription />
      <UnitQty>י"ח</UnitQty>
      <Quantity>550</Quantity>
      <UnitMeasure>ל  גרם</UnitMeasure>
      <BisWeighted>0</BisWeighted>
      <QtyInPackage>1</QtyInPackage>
      <ItemPrice>5.90</ItemPrice>
      <UnitOfMeasurePrice>1.07</UnitOfMeasurePrice>
      <AllowDiscount>0</AllowDiscount>
      <itemStatus>1</itemStatus>
      <LastUpdateDate />
      <LastUpdateTime />
    </Product>
    <Product>
      <PriceUpdateDate>2014/11/25 14:04</PriceUpdateDate>
      <ItemCode>7290000208114</ItemCode>
      <ItemType>1</ItemType>
      <ItemName>אפונת גינה וגזר יכין</ItemName>
      <ManufactureName>זנלכל בעמ</ManufactureName>
      <ManufactureCountry />
      <ManufactureItemDescription />
      <UnitQty>י"ח</UnitQty>
      <Quantity>550</Quantity>
      <UnitMeasure>ל  גרם</UnitMeasure>
      <BisWeighted>0</BisWeighted>
      <QtyInPackage>1</QtyInPackage>
      <ItemPrice>5.90</ItemPrice>
      <UnitOfMeasurePrice>1.07</UnitOfMeasurePrice>
      <AllowDiscount>0</AllowDiscount>
      <itemStatus>1</itemStatus>
      <LastUpdateDate />
      <LastUpdateTime />
    </Product>
    <Product>
      <PriceUpdateDate>2018/05/24 12:30</PriceUpdateDate>
      <ItemCode>7290000208213</ItemCode>
      <ItemType>1</ItemType>
      <ItemName>שעועית אפויה A2</ItemName>
      <ManufactureName>זנלכל בעמ</ManufactureName>
      <ManufactureCountry />
      <ManufactureItemDescription />
      <UnitQty>י"ח</UnitQty>
      <Quantity>580</Quantity>
      <UnitMeasure>ל  גרם</UnitMeasure>
      <BisWeighted>0</BisWeighted>
      <QtyInPackage>1</QtyInPackage>
      <ItemPrice>5.90</ItemPrice>
      <UnitOfMeasurePrice>1.02</UnitOfMeasurePrice>
      <AllowDiscount>1</AllowDiscount>
      <itemStatus>1</itemStatus>
      <LastUpdateDate />
      <LastUpdateTime />
    </Product>
    <Product>
      <PriceUpdateDate>2019/08/25 14:48</PriceUpdateDate>
      <ItemCode>7290000208220</ItemCode>
      <ItemType>1</ItemType>
      <ItemName>צ ילי חריף A2</ItemName>
      <ManufactureName>זנלכל בעמ</ManufactureName>
      <ManufactureCountry />
      <ManufactureItemDescription />
      <UnitQty>י"ח</UnitQty>
      <Quantity>550</Quantity>
      <UnitMeasure>ל  גרם</UnitMeasure>
      <BisWeighted>0</BisWeighted>
      <QtyInPackage>1</QtyInPackage>
      <ItemPrice>6.50</ItemPrice>
      <UnitOfMeasurePrice>1.18</UnitOfMeasurePrice>
      <AllowDiscount>0</AllowDiscount>
      <itemStatus>1</itemStatus>
      <LastUpdateDate />
      <LastUpdateTime />
    </Product>
    <Product>
      <PriceUpdateDate>2019/11/26 13:27</PriceUpdateDate>
      <ItemCode>7290000208312</ItemCode>
      <ItemType>1</ItemType>
      <ItemName>תירס ואקום יכין</ItemName>
      <ManufactureName>זנלכל בעמ</ManufactureName>
      <ManufactureCountry />
      <ManufactureItemDescription />
      <UnitQty>י"ח</UnitQty>
      <Quantity>325</Quantity>
      <UnitMeasure>ל  גרם</UnitMeasure>
      <BisWeighted>0</BisWeighted>
      <QtyInPackage>1</QtyInPackage>
      <ItemPrice>4.90</ItemPrice>
      <UnitOfMeasurePrice>1.51</UnitOfMeasurePrice>
      <AllowDiscount>0</AllowDiscount>
      <itemStatus>1</itemStatus>
      <LastUpdateDate />
      <LastUpdateTime />
    </Product>
    <Product>
      <PriceUpdateDate>2014/07/30 17:18</PriceUpdateDate>
      <ItemCode>7290000208329</ItemCode>
      <ItemType>1</ItemType>
      <ItemName>תירס A2 יכין</ItemName>
      <ManufactureName>זנלכל בעמ</ManufactureName>
      <ManufactureCountry />
      <ManufactureItemDescription />
      <UnitQty>י"ח</UnitQty>
      <Quantity>550</Quantity>
      <UnitMeasure>ל  גרם</UnitMeasure>
      <BisWeighted>0</BisWeighted>
      <QtyInPackage>1</QtyInPackage>
      <ItemPrice>5.90</ItemPrice>
      <UnitOfMeasurePrice>1.07</UnitOfMeasurePrice>
      <AllowDiscount>1</AllowDiscount>
      <itemStatus>1</itemStatus>
      <LastUpdateDate />
      <LastUpdateTime />
    </Product>
    <Product>
      <PriceUpdateDate>2019/11/26 13:35</PriceUpdateDate>
      <ItemCode>7290000208404</ItemCode>
      <ItemType>1</ItemType>
      <ItemName>פול מצרי</ItemName>
      <ManufactureName>זנלכל בעמ</ManufactureName>
      <ManufactureCountry />
      <ManufactureItemDescription />
      <UnitQty>י"ח</UnitQty>
      <Quantity>600</Quantity>
      <UnitMeasure>ל  גרם</UnitMeasure>
      <BisWeighted>0</BisWeighted>
      <QtyInPackage>1</QtyInPackage>
      <ItemPrice>6.90</ItemPrice>
      <UnitOfMeasurePrice>1.15</UnitOfMeasurePrice>
      <AllowDiscount>0</AllowDiscount>
      <itemStatus>1</itemStatus>
      <LastUpdateDate />
      <LastUpdateTime />
    </Product>
    <Product>
      <PriceUpdateDate>2019/11/26 13:35</PriceUpdateDate>
      <ItemCode>7290000208428</ItemCode>
      <ItemType>1</ItemType>
      <ItemName>~חומוס גרעינים A2 יכין</ItemName>
      <ManufactureName>זנלכל בעמ</ManufactureName>
      <ManufactureCountry />
      <ManufactureItemDescription />
      <UnitQty>י"ח</UnitQty>
      <Quantity>550</Quantity>
      <UnitMeasure>ל  גרם</UnitMeasure>
      <BisWeighted>0</BisWeighted>
      <QtyInPackage>1</QtyInPackage>
      <ItemPrice>5.90</ItemPrice>
      <UnitOfMeasurePrice>1.07</UnitOfMeasurePrice>
      <AllowDiscount>1</AllowDiscount>
      <itemStatus>1</itemStatus>
      <LastUpdateDate />
      <LastUpdateTime />
    </Product>
    <Product>
      <PriceUpdateDate>2019/11/26 13:19</PriceUpdateDate>
      <ItemCode>7290000208480</ItemCode>
      <ItemType>1</ItemType>
      <ItemName>תירס חמאה</ItemName>
      <ManufactureName>זנלכל בעמ</ManufactureName>
      <ManufactureCountry />
      <ManufactureItemDescription />
      <UnitQty>י"ח</UnitQty>
      <Quantity>500</Quantity>
      <UnitMeasure>ל  גרם</UnitMeasure>
      <BisWeighted>0</BisWeighted>
      <QtyInPackage>1</QtyInPackage>
      <ItemPrice>6.90</ItemPrice>
      <UnitOfMeasurePrice>1.38</UnitOfMeasurePrice>
      <AllowDiscount>0</AllowDiscount>
      <itemStatus>1</itemStatus>
      <LastUpdateDate />
      <LastUpdateTime />
    </Product>
    <Product>
      <PriceUpdateDate>2019/11/26 13:35</PriceUpdateDate>
      <ItemCode>7290000208534</ItemCode>
      <ItemType>1</ItemType>
      <ItemName>תירס קיד יכין</ItemName>
      <ManufactureName>זנלכל בעמ</ManufactureName>
      <ManufactureCountry />
      <ManufactureItemDescription />
      <UnitQty>י"ח</UnitQty>
      <Quantity>550</Quantity>
      <UnitMeasure>ל  גרם</UnitMeasure>
      <BisWeighted>0</BisWeighted>
      <QtyInPackage>1</QtyInPackage>
      <ItemPrice>6.90</ItemPrice>
      <UnitOfMeasurePrice>1.25</UnitOfMeasurePrice>
      <AllowDiscount>0</AllowDiscount>
      <itemStatus>1</itemStatus>
      <LastUpdateDate />
      <LastUpdateTime />
    </Product>
    <Product>
      <PriceUpdateDate>2019/08/25 14:47</PriceUpdateDate>
      <ItemCode>7290000208855</ItemCode>
      <ItemType>1</ItemType>
      <ItemName>רוטב פסטה 260 גרם יכין</ItemName>
      <ManufactureName>זנלכל בעמ</ManufactureName>
      <ManufactureCountry />
      <ManufactureItemDescription />
      <UnitQty>י"ח</UnitQty>
      <Quantity>260</Quantity>
      <UnitMeasure>ל  גרם</UnitMeasure>
      <BisWeighted>0</BisWeighted>
      <QtyInPackage>1</QtyInPackage>
      <ItemPrice>3.80</ItemPrice>
      <UnitOfMeasurePrice>1.46</UnitOfMeasurePrice>
      <AllowDiscount>0</AllowDiscount>
      <itemStatus>1</itemStatus>
      <LastUpdateDate />
      <LastUpdateTime />
    </Product>
    <Product>
      <PriceUpdateDate>2019/08/25 14:47</PriceUpdateDate>
      <ItemCode>7290000208930</ItemCode>
      <ItemType>1</ItemType>
      <ItemName>עגבניות בתוספת שום 260 גרם יכין</ItemName>
      <ManufactureName>זנלכל בעמ</ManufactureName>
      <ManufactureCountry />
      <ManufactureItemDescription />
      <UnitQty>י"ח</UnitQty>
      <Quantity>260</Quantity>
      <UnitMeasure>ל  גרם</UnitMeasure>
      <BisWeighted>0</BisWeighted>
      <QtyInPackage>1</QtyInPackage>
      <ItemPrice>3.80</ItemPrice>
      <UnitOfMeasurePrice>1.46</UnitOfMeasurePrice>
      <AllowDiscount>0</AllowDiscount>
      <itemStatus>1</itemStatus>
      <LastUpdateDate />
      <LastUpdateTime />
    </Product>
    <Product>
      <PriceUpdateDate>2019/08/25 14:47</PriceUpdateDate>
      <ItemCode>7290000208947</ItemCode>
      <ItemType>1</ItemType>
      <ItemName>עגבניות מרוסקות 260 DRO HFHI</ItemName>
      <ManufactureName>זנלכל בעמ</ManufactureName>
      <ManufactureCountry />
      <ManufactureItemDescription />
      <UnitQty>י"ח</UnitQty>
      <Quantity>260</Quantity>
      <UnitMeasure>ל  גרם</UnitMeasure>
      <BisWeighted>0</BisWeighted>
      <QtyInPackage>1</QtyInPackage>
      <ItemPrice>3.80</ItemPrice>
      <UnitOfMeasurePrice>1.46</UnitOfMeasurePrice>
      <AllowDiscount>0</AllowDiscount>
      <itemStatus>1</itemStatus>
      <LastUpdateDate />
      <LastUpdateTime />
    </Product>
    <Product>
      <PriceUpdateDate>2019/08/28 09:17</PriceUpdateDate>
      <ItemCode>7290000208978</ItemCode>
      <ItemType>1</ItemType>
      <ItemName>רסק עג  פריכוז יכין 100 ג`</ItemName>
      <ManufactureName>זנלכל בעמ</ManufactureName>
      <ManufactureCountry />
      <ManufactureItemDescription />
      <UnitQty>י"ח</UnitQty>
      <Quantity>100</Quantity>
      <UnitMeasure>ל  גרם</UnitMeasure>
      <BisWeighted>0</BisWeighted>
      <QtyInPackage>1</QtyInPackage>
      <ItemPrice>2.90</ItemPrice>
      <UnitOfMeasurePrice>2.90</UnitOfMeasurePrice>
      <AllowDiscount>0</AllowDiscount>
      <itemStatus>1</itemStatus>
      <LastUpdateDate />
      <LastUpdateTime />
    </Product>
    <Product>
      <PriceUpdateDate>2018/12/10 08:34</PriceUpdateDate>
      <ItemCode>209012</ItemCode>
      <ItemType>0</ItemType>
      <ItemName>חומץ 1ליטר]יכין[</ItemName>
      <ManufactureName>זנלכל בעמ</ManufactureName>
      <ManufactureCountry />
      <ManufactureItemDescription />
      <UnitQty>י"ח</UnitQty>
      <Quantity>600</Quantity>
      <UnitMeasure>ל  מ"ל</UnitMeasure>
      <BisWeighted>0</BisWeighted>
      <QtyInPackage>1</QtyInPackage>
      <ItemPrice>6.90</ItemPrice>
      <UnitOfMeasurePrice>1.15</UnitOfMeasurePrice>
      <AllowDiscount>1</AllowDiscount>
      <itemStatus>1</itemStatus>
      <LastUpdateDate />
      <LastUpdateTime />
    </Product>
    <Product>
      <PriceUpdateDate>2017/01/02 16:00</PriceUpdateDate>
      <ItemCode>7290000209043</ItemCode>
      <ItemType>1</ItemType>
      <ItemName>מיץ לימון משומר]יכין[</ItemName>
      <ManufactureName>זנלכל בעמ</ManufactureName>
      <ManufactureCountry />
      <ManufactureItemDescription />
      <UnitQty>י"ח</UnitQty>
      <Quantity>1</Quantity>
      <UnitMeasure>ליטר</UnitMeasure>
      <BisWeighted>0</BisWeighted>
      <QtyInPackage>1</QtyInPackage>
      <ItemPrice>6.90</ItemPrice>
      <UnitOfMeasurePrice>6.90</UnitOfMeasurePrice>
      <AllowDiscount>1</AllowDiscount>
      <itemStatus>1</itemStatus>
      <LastUpdateDate />
      <LastUpdateTime />
    </Product>
    <Product>
      <PriceUpdateDate>2019/05/01 10:32</PriceUpdateDate>
      <ItemCode>7290000209173</ItemCode>
      <ItemType>1</ItemType>
      <ItemName>חומץ סינטטי 1 ל</ItemName>
      <ManufactureName>זנלכל בעמ</ManufactureName>
      <ManufactureCountry />
      <ManufactureItemDescription />
      <UnitQty>י"ח</UnitQty>
      <Quantity>1</Quantity>
      <UnitMeasure>ליטר</UnitMeasure>
      <BisWeighted>0</BisWeighted>
      <QtyInPackage>1</QtyInPackage>
      <ItemPrice>4.90</ItemPrice>
      <UnitOfMeasurePrice>4.90</UnitOfMeasurePrice>
      <AllowDiscount>0</AllowDiscount>
      <itemStatus>1</itemStatus>
      <LastUpdateDate />
      <LastUpdateTime />
    </Product>
    <Product>
      <PriceUpdateDate>2019/10/28 08:17</PriceUpdateDate>
      <ItemCode>209388</ItemCode>
      <ItemType>0</ItemType>
      <ItemName>תירס לייט 150 ג  שלישיה</ItemName>
      <ManufactureName>זנלכל בעמ</ManufactureName>
      <ManufactureCountry />
      <ManufactureItemDescription />
      <UnitQty>י"ח</UnitQty>
      <Quantity>1</Quantity>
      <UnitMeasure />
      <BisWeighted>0</BisWeighted>
      <QtyInPackage>1</QtyInPackage>
      <ItemPrice>9.90</ItemPrice>
      <UnitOfMeasurePrice>9.90</UnitOfMeasurePrice>
      <AllowDiscount>0</AllowDiscount>
      <itemStatus>1</itemStatus>
      <LastUpdateDate />
      <LastUpdateTime />
    </Product>
    <Product>
      <PriceUpdateDate>2019/08/25 14:47</PriceUpdateDate>
      <ItemCode>7290000209708</ItemCode>
      <ItemType>1</ItemType>
      <ItemName>עגבניות בתוספת בזיליקום</ItemName>
      <ManufactureName>זנלכל בעמ</ManufactureName>
      <ManufactureCountry />
      <ManufactureItemDescription />
      <UnitQty>י"ח</UnitQty>
      <Quantity>260</Quantity>
      <UnitMeasure>ל  גרם</UnitMeasure>
      <BisWeighted>0</BisWeighted>
      <QtyInPackage>1</QtyInPackage>
      <ItemPrice>3.80</ItemPrice>
      <UnitOfMeasurePrice>1.46</UnitOfMeasurePrice>
      <AllowDiscount>0</AllowDiscount>
      <itemStatus>1</itemStatus>
      <LastUpdateDate />
      <LastUpdateTime />
    </Product>
    <Product>
      <PriceUpdateDate>2019/08/25 14:47</PriceUpdateDate>
      <ItemCode>7290000209906</ItemCode>
      <ItemType>1</ItemType>
      <ItemName>עגב  מרוסקות 260גר  בצל</ItemName>
      <ManufactureName>זנלכל בעמ</ManufactureName>
      <ManufactureCountry />
      <ManufactureItemDescription />
      <UnitQty>י"ח</UnitQty>
      <Quantity>260</Quantity>
      <UnitMeasure>ל  גרם</UnitMeasure>
      <BisWeighted>0</BisWeighted>
      <QtyInPackage>1</QtyInPackage>
      <ItemPrice>3.80</ItemPrice>
      <UnitOfMeasurePrice>1.46</UnitOfMeasurePrice>
      <AllowDiscount>0</AllowDiscount>
      <itemStatus>1</itemStatus>
      <LastUpdateDate />
      <LastUpdateTime />
    </Product>
    <Product>
      <PriceUpdateDate>2019/08/25 14:47</PriceUpdateDate>
      <ItemCode>7290000209944</ItemCode>
      <ItemType>1</ItemType>
      <ItemName>בסיס עגבניות לשקשוקה 260 גרם יכין</ItemName>
      <ManufactureName>זנלכל בעמ</ManufactureName>
      <ManufactureCountry />
      <ManufactureItemDescription />
      <UnitQty>י"ח</UnitQty>
      <Quantity>260</Quantity>
      <UnitMeasure>ל  גרם</UnitMeasure>
      <BisWeighted>0</BisWeighted>
      <QtyInPackage>1</QtyInPackage>
      <ItemPrice>3.80</ItemPrice>
      <UnitOfMeasurePrice>1.46</UnitOfMeasurePrice>
      <AllowDiscount>0</AllowDiscount>
      <itemStatus>1</itemStatus>
      <LastUpdateDate />
      <LastUpdateTime />
    </Product>
    <Product>
      <PriceUpdateDate>2019/08/25 14:47</PriceUpdateDate>
      <ItemCode>7290000209951</ItemCode>
      <ItemType>1</ItemType>
      <ItemName>רוטב פיצה 260גר</ItemName>
      <ManufactureName>זנלכל בעמ</ManufactureName>
      <ManufactureCountry />
      <ManufactureItemDescription />
      <UnitQty>י"ח</UnitQty>
      <Quantity>260</Quantity>
      <UnitMeasure>ל  מ"ל</UnitMeasure>
      <BisWeighted>0</BisWeighted>
      <QtyInPackage>1</QtyInPackage>
      <ItemPrice>3.80</ItemPrice>
      <UnitOfMeasurePrice>1.46</UnitOfMeasurePrice>
      <AllowDiscount>0</AllowDiscount>
      <itemStatus>1</itemStatus>
      <LastUpdateDate />
      <LastUpdateTime />
    </Product>
    <Product>
      <PriceUpdateDate>2019/08/25 14:47</PriceUpdateDate>
      <ItemCode>210896</ItemCode>
      <ItemType>0</ItemType>
      <ItemName>רוטב בולונז לפסטה 260 גר`פלסטיק</ItemName>
      <ManufactureName>זנלכל בעמ</ManufactureName>
      <ManufactureCountry />
      <ManufactureItemDescription />
      <UnitQty>י"ח</UnitQty>
      <Quantity>260</Quantity>
      <UnitMeasure>ל  גרם</UnitMeasure>
      <BisWeighted>0</BisWeighted>
      <QtyInPackage>1</QtyInPackage>
      <ItemPrice>3.80</ItemPrice>
      <UnitOfMeasurePrice>1.46</UnitOfMeasurePrice>
      <AllowDiscount>0</AllowDiscount>
      <itemStatus>1</itemStatus>
      <LastUpdateDate />
      <LastUpdateTime />
    </Product>
    <Product>
      <PriceUpdateDate>2018/01/16 12:20</PriceUpdateDate>
      <ItemCode>7290000211374</ItemCode>
      <ItemType>1</ItemType>
      <ItemName>קמח מלא 1  ק"ג]סוגת[</ItemName>
      <ManufactureName>סוגת תעשיות בעמ</ManufactureName>
      <ManufactureCountry />
      <ManufactureItemDescription />
      <UnitQty>י"ח</UnitQty>
      <Quantity>1</Quantity>
      <UnitMeasure>ק"ג</UnitMeasure>
      <BisWeighted>0</BisWeighted>
      <QtyInPackage>1</QtyInPackage>
      <ItemPrice>5.90</ItemPrice>
      <UnitOfMeasurePrice>5.90</UnitOfMeasurePrice>
      <AllowDiscount>1</AllowDiscount>
      <itemStatus>1</itemStatus>
      <LastUpdateDate />
      <LastUpdateTime />
    </Product>
    <Product>
      <PriceUpdateDate>2018/12/23 09:28</PriceUpdateDate>
      <ItemCode>7290000211985</ItemCode>
      <ItemType>1</ItemType>
      <ItemName>אורז פרסי עגול]סוגת[</ItemName>
      <ManufactureName>סוגת תעשיות בעמ</ManufactureName>
      <ManufactureCountry />
      <ManufactureItemDescription />
      <UnitQty>י"ח</UnitQty>
      <Quantity>1</Quantity>
      <UnitMeasure>ק"ג</UnitMeasure>
      <BisWeighted>0</BisWeighted>
      <QtyInPackage>1</QtyInPackage>
      <ItemPrice>9.90</ItemPrice>
      <UnitOfMeasurePrice>9.90</UnitOfMeasurePrice>
      <AllowDiscount>0</AllowDiscount>
      <itemStatus>1</itemStatus>
      <LastUpdateDate />
      <LastUpdateTime />
    </Product>
    <Product>
      <PriceUpdateDate>2017/12/09 21:03</PriceUpdateDate>
      <ItemCode>7290000212401</ItemCode>
      <ItemType>1</ItemType>
      <ItemName>וופל מצופה מנעמים  400</ItemName>
      <ManufactureName>ח.כהן סוכנות מזון ומשקאות בע</ManufactureName>
      <ManufactureCountry />
      <ManufactureItemDescription />
      <UnitQty>י"ח</UnitQty>
      <Quantity>400</Quantity>
      <UnitMeasure>ל  גרם</UnitMeasure>
      <BisWeighted>0</BisWeighted>
      <QtyInPackage>1</QtyInPackage>
      <ItemPrice>8.90</ItemPrice>
      <UnitOfMeasurePrice>2.23</UnitOfMeasurePrice>
      <AllowDiscount>1</AllowDiscount>
      <itemStatus>1</itemStatus>
      <LastUpdateDate />
      <LastUpdateTime />
    </Product>
    <Product>
      <PriceUpdateDate>2017/01/09 11:25</PriceUpdateDate>
      <ItemCode>7290000226552</ItemCode>
      <ItemType>1</ItemType>
      <ItemName>עוגת טורט ריבת חלב עם קוקוס 1ק"ג</ItemName>
      <ManufactureName>קפולסקי אדל בעמ</ManufactureName>
      <ManufactureCountry />
      <ManufactureItemDescription />
      <UnitQty>י"ח</UnitQty>
      <Quantity>1</Quantity>
      <UnitMeasure>ק"ג</UnitMeasure>
      <BisWeighted>0</BisWeighted>
      <QtyInPackage>1</QtyInPackage>
      <ItemPrice>59.90</ItemPrice>
      <UnitOfMeasurePrice>59.90</UnitOfMeasurePrice>
      <AllowDiscount>0</AllowDiscount>
      <itemStatus>1</itemStatus>
      <LastUpdateDate />
      <LastUpdateTime />
    </Product>
    <Product>
      <PriceUpdateDate>2017/01/09 11:24</PriceUpdateDate>
      <ItemCode>7290000226569</ItemCode>
      <ItemType>1</ItemType>
      <ItemName>טורט קצפת ט.שוקולד 1ק"ג</ItemName>
      <ManufactureName>קפולסקי אדל בעמ</ManufactureName>
      <ManufactureCountry />
      <ManufactureItemDescription />
      <UnitQty>י"ח</UnitQty>
      <Quantity>1</Quantity>
      <UnitMeasure>ק"ג</UnitMeasure>
      <BisWeighted>0</BisWeighted>
      <QtyInPackage>1</QtyInPackage>
      <ItemPrice>59.90</ItemPrice>
      <UnitOfMeasurePrice>59.90</UnitOfMeasurePrice>
      <AllowDiscount>0</AllowDiscount>
      <itemStatus>1</itemStatus>
      <LastUpdateDate />
      <LastUpdateTime />
    </Product>
    <Product>
      <PriceUpdateDate>2016/05/29 10:54</PriceUpdateDate>
      <ItemCode>7290000226576</ItemCode>
      <ItemType>1</ItemType>
      <ItemName>טורט קצפת מצופה שוקולד קפולסקי 1ק"ג</ItemName>
      <ManufactureName>קפולסקי אדל בעמ</ManufactureName>
      <ManufactureCountry />
      <ManufactureItemDescription />
      <UnitQty>י"ח</UnitQty>
      <Quantity>1</Quantity>
      <UnitMeasure>ק"ג</UnitMeasure>
      <BisWeighted>0</BisWeighted>
      <QtyInPackage>1</QtyInPackage>
      <ItemPrice>59.90</ItemPrice>
      <UnitOfMeasurePrice>59.90</UnitOfMeasurePrice>
      <AllowDiscount>0</AllowDiscount>
      <itemStatus>1</itemStatus>
      <LastUpdateDate />
      <LastUpdateTime />
    </Product>
    <Product>
      <PriceUpdateDate>2018/06/11 13:07</PriceUpdateDate>
      <ItemCode>7290000226613</ItemCode>
      <ItemType>1</ItemType>
      <ItemName>דובוש מצופה שוק קפולסקי 450גר</ItemName>
      <ManufactureName>קפולסקי אדל בעמ</ManufactureName>
      <ManufactureCountry />
      <ManufactureItemDescription />
      <UnitQty>י"ח</UnitQty>
      <Quantity>450</Quantity>
      <UnitMeasure>ל  גרם</UnitMeasure>
      <BisWeighted>0</BisWeighted>
      <QtyInPackage>1</QtyInPackage>
      <ItemPrice>36.90</ItemPrice>
      <UnitOfMeasurePrice>8.20</UnitOfMeasurePrice>
      <AllowDiscount>0</AllowDiscount>
      <itemStatus>1</itemStatus>
      <LastUpdateDate />
      <LastUpdateTime />
    </Product>
    <Product>
      <PriceUpdateDate>2019/06/26 09:36</PriceUpdateDate>
      <ItemCode>7290000238029</ItemCode>
      <ItemType>1</ItemType>
      <ItemName>בצק עלים  צרפתי מעדנות 1 קג</ItemName>
      <ManufactureName>תנובה בשר</ManufactureName>
      <ManufactureCountry />
      <ManufactureItemDescription />
      <UnitQty>י"ח</UnitQty>
      <Quantity>1</Quantity>
      <UnitMeasure>ק"ג</UnitMeasure>
      <BisWeighted>0</BisWeighted>
      <QtyInPackage>1</QtyInPackage>
      <ItemPrice>21.90</ItemPrice>
      <UnitOfMeasurePrice>21.90</UnitOfMeasurePrice>
      <AllowDiscount>1</AllowDiscount>
      <itemStatus>1</itemStatus>
      <LastUpdateDate />
      <LastUpdateTime />
    </Product>
    <Product>
      <PriceUpdateDate>2015/12/15 12:58</PriceUpdateDate>
      <ItemCode>7290000238173</ItemCode>
      <ItemType>1</ItemType>
      <ItemName>בורקס גבינה מעדנות 800 ג`</ItemName>
      <ManufactureName>תנובה בשר</ManufactureName>
      <ManufactureCountry />
      <ManufactureItemDescription />
      <UnitQty>י"ח</UnitQty>
      <Quantity>800</Quantity>
      <UnitMeasure>ל  גרם</UnitMeasure>
      <BisWeighted>0</BisWeighted>
      <QtyInPackage>1</QtyInPackage>
      <ItemPrice>19.90</ItemPrice>
      <UnitOfMeasurePrice>2.49</UnitOfMeasurePrice>
      <AllowDiscount>1</AllowDiscount>
      <itemStatus>1</itemStatus>
      <LastUpdateDate />
      <LastUpdateTime />
    </Product>
    <Product>
      <PriceUpdateDate>2015/02/13 08:50</PriceUpdateDate>
      <ItemCode>7290000238180</ItemCode>
      <ItemType>1</ItemType>
      <ItemName>בורקס מעדנות תפו"א</ItemName>
      <ManufactureName>תנובה בשר</ManufactureName>
      <ManufactureCountry />
      <ManufactureItemDescription />
      <UnitQty>י"ח</UnitQty>
      <Quantity>800</Quantity>
      <UnitMeasure>ל  גרם</UnitMeasure>
      <BisWeighted>0</BisWeighted>
      <QtyInPackage>1</QtyInPackage>
      <ItemPrice>19.90</ItemPrice>
      <UnitOfMeasurePrice>2.49</UnitOfMeasurePrice>
      <AllowDiscount>1</AllowDiscount>
      <itemStatus>1</itemStatus>
      <LastUpdateDate />
      <LastUpdateTime />
    </Product>
    <Product>
      <PriceUpdateDate>2015/09/21 15:10</PriceUpdateDate>
      <ItemCode>7290000240541</ItemCode>
      <ItemType>1</ItemType>
      <ItemName>ריבועי בצק עלים</ItemName>
      <ManufactureName>תנובה בשר</ManufactureName>
      <ManufactureCountry />
      <ManufactureItemDescription />
      <UnitQty>י"ח</UnitQty>
      <Quantity>800</Quantity>
      <UnitMeasure>ל  גרם</UnitMeasure>
      <BisWeighted>0</BisWeighted>
      <QtyInPackage>1</QtyInPackage>
      <ItemPrice>21.90</ItemPrice>
      <UnitOfMeasurePrice>2.74</UnitOfMeasurePrice>
      <AllowDiscount>1</AllowDiscount>
      <itemStatus>1</itemStatus>
      <LastUpdateDate />
      <LastUpdateTime />
    </Product>
    <Product>
      <PriceUpdateDate>2016/01/10 16:13</PriceUpdateDate>
      <ItemCode>7290000244143</ItemCode>
      <ItemType>1</ItemType>
      <ItemName>הוואי קרם לאחר הגילוח</ItemName>
      <ManufactureName>הנקל סוד בעמ</ManufactureName>
      <ManufactureCountry />
      <ManufactureItemDescription />
      <UnitQty>י"ח</UnitQty>
      <Quantity>120</Quantity>
      <UnitMeasure>ל  גרם</UnitMeasure>
      <BisWeighted>0</BisWeighted>
      <QtyInPackage>1</QtyInPackage>
      <ItemPrice>21.90</ItemPrice>
      <UnitOfMeasurePrice>18.25</UnitOfMeasurePrice>
      <AllowDiscount>0</AllowDiscount>
      <itemStatus>1</itemStatus>
      <LastUpdateDate />
      <LastUpdateTime />
    </Product>
    <Product>
      <PriceUpdateDate>2019/09/03 10:51</PriceUpdateDate>
      <ItemCode>7290000245072</ItemCode>
      <ItemType>1</ItemType>
      <ItemName>מרכך כביסה לתינוק 4 ליטר</ItemName>
      <ManufactureName>גורי שיווק בעמ</ManufactureName>
      <ManufactureCountry />
      <ManufactureItemDescription />
      <UnitQty>י"ח</UnitQty>
      <Quantity>4</Quantity>
      <UnitMeasure>ליטר</UnitMeasure>
      <BisWeighted>0</BisWeighted>
      <QtyInPackage>1</QtyInPackage>
      <ItemPrice>18.90</ItemPrice>
      <UnitOfMeasurePrice>4.73</UnitOfMeasurePrice>
      <AllowDiscount>1</AllowDiscount>
      <itemStatus>1</itemStatus>
      <LastUpdateDate />
      <LastUpdateTime />
    </Product>
    <Product>
      <PriceUpdateDate>2019/09/03 10:51</PriceUpdateDate>
      <ItemCode>7290000245089</ItemCode>
      <ItemType>1</ItemType>
      <ItemName>מרכך כביסה סוד 4 ליטר</ItemName>
      <ManufactureName>גורי שיווק בעמ</ManufactureName>
      <ManufactureCountry />
      <ManufactureItemDescription />
      <UnitQty>י"ח</UnitQty>
      <Quantity>4</Quantity>
      <UnitMeasure>ליטר</UnitMeasure>
      <BisWeighted>0</BisWeighted>
      <QtyInPackage>1</QtyInPackage>
      <ItemPrice>18.90</ItemPrice>
      <UnitOfMeasurePrice>4.73</UnitOfMeasurePrice>
      <AllowDiscount>1</AllowDiscount>
      <itemStatus>1</itemStatus>
      <LastUpdateDate />
      <LastUpdateTime />
    </Product>
    <Product>
      <PriceUpdateDate>2017/02/06 18:09</PriceUpdateDate>
      <ItemCode>7290000245386</ItemCode>
      <ItemType>1</ItemType>
      <ItemName>משחת אמה לימון 1ק"ג</ItemName>
      <ManufactureName>עיסא ערטול בעמ-סוכן הנקל סוד</ManufactureName>
      <ManufactureCountry />
      <ManufactureItemDescription />
      <UnitQty>י"ח</UnitQty>
      <Quantity>1</Quantity>
      <UnitMeasure>ק"ג</UnitMeasure>
      <BisWeighted>0</BisWeighted>
      <QtyInPackage>1</QtyInPackage>
      <ItemPrice>11.90</ItemPrice>
      <UnitOfMeasurePrice>11.90</UnitOfMeasurePrice>
      <AllowDiscount>0</AllowDiscount>
      <itemStatus>1</itemStatus>
      <LastUpdateDate />
      <LastUpdateTime />
    </Product>
    <Product>
      <PriceUpdateDate>2019/09/03 10:51</PriceUpdateDate>
      <ItemCode>7290000245782</ItemCode>
      <ItemType>1</ItemType>
      <ItemName>מרכך כביסה סוד ורוד 4 ליטר</ItemName>
      <ManufactureName>גורי שיווק בעמ</ManufactureName>
      <ManufactureCountry />
      <ManufactureItemDescription />
      <UnitQty>י"ח</UnitQty>
      <Quantity>4</Quantity>
      <UnitMeasure>ליטר</UnitMeasure>
      <BisWeighted>0</BisWeighted>
      <QtyInPackage>1</QtyInPackage>
      <ItemPrice>18.90</ItemPrice>
      <UnitOfMeasurePrice>4.73</UnitOfMeasurePrice>
      <AllowDiscount>1</AllowDiscount>
      <itemStatus>1</itemStatus>
      <LastUpdateDate />
      <LastUpdateTime />
    </Product>
    <Product>
      <PriceUpdateDate>2014/09/23 14:40</PriceUpdateDate>
      <ItemCode>7290000253251</ItemCode>
      <ItemType>1</ItemType>
      <ItemName>שוקו צ יפס לבן 300גר</ItemName>
      <ManufactureName>תה ויסוצקי (ישראל)בעמ</ManufactureName>
      <ManufactureCountry />
      <ManufactureItemDescription />
      <UnitQty>י"ח</UnitQty>
      <Quantity>300</Quantity>
      <UnitMeasure>ל  גרם</UnitMeasure>
      <BisWeighted>0</BisWeighted>
      <QtyInPackage>1</QtyInPackage>
      <ItemPrice>10.90</ItemPrice>
      <UnitOfMeasurePrice>3.63</UnitOfMeasurePrice>
      <AllowDiscount>0</AllowDiscount>
      <itemStatus>1</itemStatus>
      <LastUpdateDate />
      <LastUpdateTime />
    </Product>
    <Product>
      <PriceUpdateDate>2018/11/08 17:47</PriceUpdateDate>
      <ItemCode>7290000260839</ItemCode>
      <ItemType>1</ItemType>
      <ItemName>~ספרינג תפוז 1.5</ItemName>
      <ManufactureName>יפאורה שותפות מוגבלת לשיווק</ManufactureName>
      <ManufactureCountry />
      <ManufactureItemDescription />
      <UnitQty>י"ח</UnitQty>
      <Quantity>1.50</Quantity>
      <UnitMeasure>ליטר</UnitMeasure>
      <BisWeighted>0</BisWeighted>
      <QtyInPackage>1</QtyInPackage>
      <ItemPrice>6.20</ItemPrice>
      <UnitOfMeasurePrice>4.13</UnitOfMeasurePrice>
      <AllowDiscount>1</AllowDiscount>
      <itemStatus>1</itemStatus>
      <LastUpdateDate />
      <LastUpdateTime />
    </Product>
    <Product>
      <PriceUpdateDate>2018/11/08 17:47</PriceUpdateDate>
      <ItemCode>7290000260853</ItemCode>
      <ItemType>1</ItemType>
      <ItemName>ספרינג מנגו 1.5 ליטר</ItemName>
      <ManufactureName>יפאורה שותפות מוגבלת לשיווק</ManufactureName>
      <ManufactureCountry />
      <ManufactureItemDescription />
      <UnitQty>י"ח</UnitQty>
      <Quantity>1.50</Quantity>
      <UnitMeasure>ליטר</UnitMeasure>
      <BisWeighted>0</BisWeighted>
      <QtyInPackage>1</QtyInPackage>
      <ItemPrice>6.20</ItemPrice>
      <UnitOfMeasurePrice>4.13</UnitOfMeasurePrice>
      <AllowDiscount>1</AllowDiscount>
      <itemStatus>1</itemStatus>
      <LastUpdateDate />
      <LastUpdateTime />
    </Product>
    <Product>
      <PriceUpdateDate>2018/11/08 17:47</PriceUpdateDate>
      <ItemCode>7290000260860</ItemCode>
      <ItemType>1</ItemType>
      <ItemName>ספרינג אפרסק 1.5 ליטר</ItemName>
      <ManufactureName>יפאורה שותפות מוגבלת לשיווק</ManufactureName>
      <ManufactureCountry />
      <ManufactureItemDescription />
      <UnitQty>י"ח</UnitQty>
      <Quantity>1.50</Quantity>
      <UnitMeasure>ליטר</UnitMeasure>
      <BisWeighted>0</BisWeighted>
      <QtyInPackage>1</QtyInPackage>
      <ItemPrice>6.20</ItemPrice>
      <UnitOfMeasurePrice>4.13</UnitOfMeasurePrice>
      <AllowDiscount>1</AllowDiscount>
      <itemStatus>1</itemStatus>
      <LastUpdateDate />
      <LastUpdateTime />
    </Product>
    <Product>
      <PriceUpdateDate>2014/03/11 09:05</PriceUpdateDate>
      <ItemCode>7290000262031</ItemCode>
      <ItemType>1</ItemType>
      <ItemName>נייר טואלט מולט לב 32</ItemName>
      <ManufactureName>קימברלי קלארק ישראל שיווק בעמ</ManufactureName>
      <ManufactureCountry />
      <ManufactureItemDescription />
      <UnitQty>י"ח</UnitQty>
      <Quantity>1850</Quantity>
      <UnitMeasure>ל  גרם</UnitMeasure>
      <BisWeighted>0</BisWeighted>
      <QtyInPackage>1</QtyInPackage>
      <ItemPrice>29.90</ItemPrice>
      <UnitOfMeasurePrice>1.62</UnitOfMeasurePrice>
      <AllowDiscount>0</AllowDiscount>
      <itemStatus>1</itemStatus>
      <LastUpdateDate />
      <LastUpdateTime />
    </Product>
    <Product>
      <PriceUpdateDate>2015/12/07 10:57</PriceUpdateDate>
      <ItemCode>262413</ItemCode>
      <ItemType>0</ItemType>
      <ItemName>האגיס אקסטרא קר מידה 5</ItemName>
      <ManufactureName>קימברלי קלארק ישראל שיווק בעמ</ManufactureName>
      <ManufactureCountry />
      <ManufactureItemDescription />
      <UnitQty>י"ח</UnitQty>
      <Quantity>1</Quantity>
      <UnitMeasure>י"ח</UnitMeasure>
      <BisWeighted>0</BisWeighted>
      <QtyInPackage>1</QtyInPackage>
      <ItemPrice>54.90</ItemPrice>
      <UnitOfMeasurePrice>54.90</UnitOfMeasurePrice>
      <AllowDiscount>0</AllowDiscount>
      <itemStatus>1</itemStatus>
      <LastUpdateDate />
      <LastUpdateTime />
    </Product>
    <Product>
      <PriceUpdateDate>2019/09/10 08:45</PriceUpdateDate>
      <ItemCode>7290000267029</ItemCode>
      <ItemType>1</ItemType>
      <ItemName>שקד מולבן חצוי 100גר שקדיה</ItemName>
      <ManufactureName>דין שיווק וקליהבעמ</ManufactureName>
      <ManufactureCountry />
      <ManufactureItemDescription />
      <UnitQty>י"ח</UnitQty>
      <Quantity>100</Quantity>
      <UnitMeasure>ל  גרם</UnitMeasure>
      <BisWeighted>0</BisWeighted>
      <QtyInPackage>1</QtyInPackage>
      <ItemPrice>10.90</ItemPrice>
      <UnitOfMeasurePrice>10.90</UnitOfMeasurePrice>
      <AllowDiscount>0</AllowDiscount>
      <itemStatus>1</itemStatus>
      <LastUpdateDate />
      <LastUpdateTime />
    </Product>
    <Product>
      <PriceUpdateDate>2019/09/10 10:05</PriceUpdateDate>
      <ItemCode>7290000267050</ItemCode>
      <ItemType>1</ItemType>
      <ItemName>שקד טבעי טחון 100 גרם</ItemName>
      <ManufactureName>דין שיווק וקליהבעמ</ManufactureName>
      <ManufactureCountry />
      <ManufactureItemDescription />
      <UnitQty>י"ח</UnitQty>
      <Quantity>100</Quantity>
      <UnitMeasure>ל  גרם</UnitMeasure>
      <BisWeighted>0</BisWeighted>
      <QtyInPackage>1</QtyInPackage>
      <ItemPrice>10.90</ItemPrice>
      <UnitOfMeasurePrice>10.90</UnitOfMeasurePrice>
      <AllowDiscount>0</AllowDiscount>
      <itemStatus>1</itemStatus>
      <LastUpdateDate />
      <LastUpdateTime />
    </Product>
    <Product>
      <PriceUpdateDate>2019/09/10 08:45</PriceUpdateDate>
      <ItemCode>7290000267104</ItemCode>
      <ItemType>1</ItemType>
      <ItemName>שקד מולבן גרוס 100גר.</ItemName>
      <ManufactureName>דין שיווק וקליהבעמ</ManufactureName>
      <ManufactureCountry />
      <ManufactureItemDescription />
      <UnitQty>י"ח</UnitQty>
      <Quantity>100</Quantity>
      <UnitMeasure>ל  גרם</UnitMeasure>
      <BisWeighted>0</BisWeighted>
      <QtyInPackage>1</QtyInPackage>
      <ItemPrice>10.90</ItemPrice>
      <UnitOfMeasurePrice>10.90</UnitOfMeasurePrice>
      <AllowDiscount>0</AllowDiscount>
      <itemStatus>1</itemStatus>
      <LastUpdateDate />
      <LastUpdateTime />
    </Product>
    <Product>
      <PriceUpdateDate>2016/01/12 14:31</PriceUpdateDate>
      <ItemCode>7290000272726</ItemCode>
      <ItemType>1</ItemType>
      <ItemName>חומץ טבעי1ליטר אוסם</ItemName>
      <ManufactureName>קבוצת אוסם סחר-שות.מוגבלת</ManufactureName>
      <ManufactureCountry />
      <ManufactureItemDescription />
      <UnitQty>י"ח</UnitQty>
      <Quantity>1</Quantity>
      <UnitMeasure>ליטר</UnitMeasure>
      <BisWeighted>0</BisWeighted>
      <QtyInPackage>1</QtyInPackage>
      <ItemPrice>6.90</ItemPrice>
      <UnitOfMeasurePrice>6.90</UnitOfMeasurePrice>
      <AllowDiscount>0</AllowDiscount>
      <itemStatus>1</itemStatus>
      <LastUpdateDate />
      <LastUpdateTime />
    </Product>
    <Product>
      <PriceUpdateDate>2018/03/26 12:07</PriceUpdateDate>
      <ItemCode>281492</ItemCode>
      <ItemType>0</ItemType>
      <ItemName>פרלמנט קצר בודד</ItemName>
      <ManufactureName>פיליפ מוריס בעמ</ManufactureName>
      <ManufactureCountry />
      <ManufactureItemDescription />
      <UnitQty>י"ח</UnitQty>
      <Quantity>1</Quantity>
      <UnitMeasure />
      <BisWeighted>0</BisWeighted>
      <QtyInPackage>1</QtyInPackage>
      <ItemPrice>38.80</ItemPrice>
      <UnitOfMeasurePrice>38.80</UnitOfMeasurePrice>
      <AllowDiscount>0</AllowDiscount>
      <itemStatus>1</itemStatus>
      <LastUpdateDate />
      <LastUpdateTime />
    </Product>
    <Product>
      <PriceUpdateDate>2017/07/30 09:48</PriceUpdateDate>
      <ItemCode>283392</ItemCode>
      <ItemType>0</ItemType>
      <ItemName>פרלמנט סופר לייט קצר בודד</ItemName>
      <ManufactureName>פיליפ מוריס בעמ</ManufactureName>
      <ManufactureCountry />
      <ManufactureItemDescription />
      <UnitQty>י"ח</UnitQty>
      <Quantity>1</Quantity>
      <UnitMeasure />
      <BisWeighted>0</BisWeighted>
      <QtyInPackage>1</QtyInPackage>
      <ItemPrice>38.50</ItemPrice>
      <UnitOfMeasurePrice>38.50</UnitOfMeasurePrice>
      <AllowDiscount>0</AllowDiscount>
      <itemStatus>1</itemStatus>
      <LastUpdateDate />
      <LastUpdateTime />
    </Product>
    <Product>
      <PriceUpdateDate>2020/04/23 09:07</PriceUpdateDate>
      <ItemCode>7290000284316</ItemCode>
      <ItemType>1</ItemType>
      <ItemName>קוקה קולה 1.5 ליטר</ItemName>
      <ManufactureName>חברה המרכזית להפצת משקאות בעמ</ManufactureName>
      <ManufactureCountry />
      <ManufactureItemDescription />
      <UnitQty>י"ח</UnitQty>
      <Quantity>150</Quantity>
      <UnitMeasure>ל  מ"ל</UnitMeasure>
      <BisWeighted>0</BisWeighted>
      <QtyInPackage>1</QtyInPackage>
      <ItemPrice>6.60</ItemPrice>
      <UnitOfMeasurePrice>4.40</UnitOfMeasurePrice>
      <AllowDiscount>0</AllowDiscount>
      <itemStatus>1</itemStatus>
      <LastUpdateDate />
      <LastUpdateTime />
    </Product>
    <Product>
      <PriceUpdateDate>2018/11/27 10:01</PriceUpdateDate>
      <ItemCode>7290000284361</ItemCode>
      <ItemType>1</ItemType>
      <ItemName>דיאט קוקה קולה 1.5 ליטר</ItemName>
      <ManufactureName>חברה המרכזית להפצת משקאות בעמ</ManufactureName>
      <ManufactureCountry />
      <ManufactureItemDescription />
      <UnitQty>י"ח</UnitQty>
      <Quantity>1.50</Quantity>
      <UnitMeasure>ליטר</UnitMeasure>
      <BisWeighted>0</BisWeighted>
      <QtyInPackage>1</QtyInPackage>
      <ItemPrice>7</ItemPrice>
      <UnitOfMeasurePrice>4.67</UnitOfMeasurePrice>
      <AllowDiscount>0</AllowDiscount>
      <itemStatus>1</itemStatus>
      <LastUpdateDate />
      <LastUpdateTime />
    </Product>
    <Product>
      <PriceUpdateDate>2019/12/09 14:32</PriceUpdateDate>
      <ItemCode>7290000286549</ItemCode>
      <ItemType>1</ItemType>
      <ItemName>מטליות רב שימוש סנו סושי 9 יחידות</ItemName>
      <ManufactureName>החב הדרומית לשיווק</ManufactureName>
      <ManufactureCountry />
      <ManufactureItemDescription />
      <UnitQty>י"ח</UnitQty>
      <Quantity>9</Quantity>
      <UnitMeasure>י"ח</UnitMeasure>
      <BisWeighted>0</BisWeighted>
      <QtyInPackage>1</QtyInPackage>
      <ItemPrice>10.90</ItemPrice>
      <UnitOfMeasurePrice>1.21</UnitOfMeasurePrice>
      <AllowDiscount>1</AllowDiscount>
      <itemStatus>1</itemStatus>
      <LastUpdateDate />
      <LastUpdateTime />
    </Product>
    <Product>
      <PriceUpdateDate>2020/02/17 09:37</PriceUpdateDate>
      <ItemCode>7290000286945</ItemCode>
      <ItemType>1</ItemType>
      <ItemName>רהיט נוזלי+אקדח</ItemName>
      <ManufactureName>החב הדרומית לשיווק</ManufactureName>
      <ManufactureCountry />
      <ManufactureItemDescription />
      <UnitQty>י"ח</UnitQty>
      <Quantity>500</Quantity>
      <UnitMeasure>ל  מ"ל</UnitMeasure>
      <BisWeighted>0</BisWeighted>
      <QtyInPackage>1</QtyInPackage>
      <ItemPrice>28.90</ItemPrice>
      <UnitOfMeasurePrice>5.78</UnitOfMeasurePrice>
      <AllowDiscount>0</AllowDiscount>
      <itemStatus>1</itemStatus>
      <LastUpdateDate />
      <LastUpdateTime />
    </Product>
    <Product>
      <PriceUpdateDate>2019/12/08 12:27</PriceUpdateDate>
      <ItemCode>7290000287409</ItemCode>
      <ItemType>1</ItemType>
      <ItemName>סנו בון שלישיה תות</ItemName>
      <ManufactureName>החב הדרומית לשיווק</ManufactureName>
      <ManufactureCountry />
      <ManufactureItemDescription />
      <UnitQty>י"ח</UnitQty>
      <Quantity>165</Quantity>
      <UnitMeasure>ל  גרם</UnitMeasure>
      <BisWeighted>0</BisWeighted>
      <QtyInPackage>1</QtyInPackage>
      <ItemPrice>9.90</ItemPrice>
      <UnitOfMeasurePrice>6</UnitOfMeasurePrice>
      <AllowDiscount>0</AllowDiscount>
      <itemStatus>1</itemStatus>
      <LastUpdateDate />
      <LastUpdateTime />
    </Product>
    <Product>
      <PriceUpdateDate>2019/12/04 14:54</PriceUpdateDate>
      <ItemCode>7290000287485</ItemCode>
      <ItemType>1</ItemType>
      <ItemName>סנובון לובר 55 גרם  `3X יח</ItemName>
      <ManufactureName>החב הדרומית לשיווק</ManufactureName>
      <ManufactureCountry />
      <ManufactureItemDescription />
      <UnitQty>י"ח</UnitQty>
      <Quantity>165</Quantity>
      <UnitMeasure>ל  גרם</UnitMeasure>
      <BisWeighted>0</BisWeighted>
      <QtyInPackage>1</QtyInPackage>
      <ItemPrice>10.90</ItemPrice>
      <UnitOfMeasurePrice>6.61</UnitOfMeasurePrice>
      <AllowDiscount>0</AllowDiscount>
      <itemStatus>1</itemStatus>
      <LastUpdateDate />
      <LastUpdateTime />
    </Product>
    <Product>
      <PriceUpdateDate>2020/01/09 09:37</PriceUpdateDate>
      <ItemCode>7290000287492</ItemCode>
      <ItemType>1</ItemType>
      <ItemName>סנובון נוזלי לימון 750 מ"ל </ItemName>
      <ManufactureName>החב הדרומית לשיווק</ManufactureName>
      <ManufactureCountry />
      <ManufactureItemDescription />
      <UnitQty>י"ח</UnitQty>
      <Quantity>750</Quantity>
      <UnitMeasure>ל  מ"ל</UnitMeasure>
      <BisWeighted>0</BisWeighted>
      <QtyInPackage>1</QtyInPackage>
      <ItemPrice>9.90</ItemPrice>
      <UnitOfMeasurePrice>1.32</UnitOfMeasurePrice>
      <AllowDiscount>0</AllowDiscount>
      <itemStatus>1</itemStatus>
      <LastUpdateDate />
      <LastUpdateTime />
    </Product>
    <Product>
      <PriceUpdateDate>2019/12/09 14:32</PriceUpdateDate>
      <ItemCode>7290000287621</ItemCode>
      <ItemType>1</ItemType>
      <ItemName>סנו חיטוי WC סנו</ItemName>
      <ManufactureName>החב הדרומית לשיווק</ManufactureName>
      <ManufactureCountry />
      <ManufactureItemDescription />
      <UnitQty>י"ח</UnitQty>
      <Quantity>750</Quantity>
      <UnitMeasure>ל  מ"ל</UnitMeasure>
      <BisWeighted>0</BisWeighted>
      <QtyInPackage>1</QtyInPackage>
      <ItemPrice>12.90</ItemPrice>
      <UnitOfMeasurePrice>1.72</UnitOfMeasurePrice>
      <AllowDiscount>0</AllowDiscount>
      <itemStatus>1</itemStatus>
      <LastUpdateDate />
      <LastUpdateTime />
    </Product>
    <Product>
      <PriceUpdateDate>2019/12/08 12:27</PriceUpdateDate>
      <ItemCode>7290000288390</ItemCode>
      <ItemType>1</ItemType>
      <ItemName>K-600 סנו</ItemName>
      <ManufactureName>החב הדרומית לשיווק</ManufactureName>
      <ManufactureCountry />
      <ManufactureItemDescription />
      <UnitQty>י"ח</UnitQty>
      <Quantity>475</Quantity>
      <UnitMeasure>ל  מ"ל</UnitMeasure>
      <BisWeighted>0</BisWeighted>
      <QtyInPackage>1</QtyInPackage>
      <ItemPrice>19.90</ItemPrice>
      <UnitOfMeasurePrice>4.19</UnitOfMeasurePrice>
      <AllowDiscount>0</AllowDiscount>
      <itemStatus>1</itemStatus>
      <LastUpdateDate />
      <LastUpdateTime />
    </Product>
    <Product>
      <PriceUpdateDate>2020/01/01 13:17</PriceUpdateDate>
      <ItemCode>7290000288642</ItemCode>
      <ItemType>1</ItemType>
      <ItemName>מרכך סנסטיב 4 ליטר</ItemName>
      <ManufactureName>החב הדרומית לשיווק</ManufactureName>
      <ManufactureCountry />
      <ManufactureItemDescription />
      <UnitQty>י"ח</UnitQty>
      <Quantity>4</Quantity>
      <UnitMeasure>ליטר</UnitMeasure>
      <BisWeighted>0</BisWeighted>
      <QtyInPackage>1</QtyInPackage>
      <ItemPrice>21.90</ItemPrice>
      <UnitOfMeasurePrice>5.48</UnitOfMeasurePrice>
      <AllowDiscount>0</AllowDiscount>
      <itemStatus>1</itemStatus>
      <LastUpdateDate />
      <LastUpdateTime />
    </Product>
    <Product>
      <PriceUpdateDate>2020/02/25 09:14</PriceUpdateDate>
      <ItemCode>289236</ItemCode>
      <ItemType>0</ItemType>
      <ItemName>K3 פיתיון גל קוטל נמלים</ItemName>
      <ManufactureName>החב הדרומית לשיווק</ManufactureName>
      <ManufactureCountry />
      <ManufactureItemDescription />
      <UnitQty>י"ח</UnitQty>
      <Quantity>10</Quantity>
      <UnitMeasure>ל  מ"ל</UnitMeasure>
      <BisWeighted>0</BisWeighted>
      <QtyInPackage>1</QtyInPackage>
      <ItemPrice>49.90</ItemPrice>
      <UnitOfMeasurePrice>499</UnitOfMeasurePrice>
      <AllowDiscount>0</AllowDiscount>
      <itemStatus>1</itemStatus>
      <LastUpdateDate />
      <LastUpdateTime />
    </Product>
    <Product>
      <PriceUpdateDate>2020/02/03 10:08</PriceUpdateDate>
      <ItemCode>7290000289380</ItemCode>
      <ItemType>1</ItemType>
      <ItemName>סנו JAVEL לימון לניקוי אסלות 750 מ``ל</ItemName>
      <ManufactureName>החב הדרומית לשיווק</ManufactureName>
      <ManufactureCountry />
      <ManufactureItemDescription />
      <UnitQty>י"ח</UnitQty>
      <Quantity>750</Quantity>
      <UnitMeasure>ל  גרם</UnitMeasure>
      <BisWeighted>0</BisWeighted>
      <QtyInPackage>1</QtyInPackage>
      <ItemPrice>9.90</ItemPrice>
      <UnitOfMeasurePrice>1.32</UnitOfMeasurePrice>
      <AllowDiscount>1</AllowDiscount>
      <itemStatus>1</itemStatus>
      <LastUpdateDate />
      <LastUpdateTime />
    </Product>
    <Product>
      <PriceUpdateDate>2020/01/09 09:37</PriceUpdateDate>
      <ItemCode>7290000289472</ItemCode>
      <ItemType>1</ItemType>
      <ItemName>שקיות לפח אשפה 50יח ענק</ItemName>
      <ManufactureName>החב הדרומית לשיווק</ManufactureName>
      <ManufactureCountry />
      <ManufactureItemDescription />
      <UnitQty>י"ח</UnitQty>
      <Quantity>1</Quantity>
      <UnitMeasure />
      <BisWeighted>0</BisWeighted>
      <QtyInPackage>1</QtyInPackage>
      <ItemPrice>19.90</ItemPrice>
      <UnitOfMeasurePrice>19.90</UnitOfMeasurePrice>
      <AllowDiscount>1</AllowDiscount>
      <itemStatus>1</itemStatus>
      <LastUpdateDate />
      <LastUpdateTime />
    </Product>
    <Product>
      <PriceUpdateDate>2016/06/08 14:26</PriceUpdateDate>
      <ItemCode>7290000289496</ItemCode>
      <ItemType>1</ItemType>
      <ItemName>סופר קרם JAVEL</ItemName>
      <ManufactureName>החב הדרומית לשיווק</ManufactureName>
      <ManufactureCountry />
      <ManufactureItemDescription />
      <UnitQty>י"ח</UnitQty>
      <Quantity>750</Quantity>
      <UnitMeasure>ל  מ"ל</UnitMeasure>
      <BisWeighted>0</BisWeighted>
      <QtyInPackage>1</QtyInPackage>
      <ItemPrice>10.90</ItemPrice>
      <UnitOfMeasurePrice>1.45</UnitOfMeasurePrice>
      <AllowDiscount>0</AllowDiscount>
      <itemStatus>1</itemStatus>
      <LastUpdateDate />
      <LastUpdateTime />
    </Product>
    <Product>
      <PriceUpdateDate>2019/12/04 14:54</PriceUpdateDate>
      <ItemCode>7290000289748</ItemCode>
      <ItemType>1</ItemType>
      <ItemName>סנו פורטה פלוס 750מ"ל.</ItemName>
      <ManufactureName>החב הדרומית לשיווק</ManufactureName>
      <ManufactureCountry />
      <ManufactureItemDescription />
      <UnitQty>י"ח</UnitQty>
      <Quantity>750</Quantity>
      <UnitMeasure>ל  מ"ל</UnitMeasure>
      <BisWeighted>0</BisWeighted>
      <QtyInPackage>1</QtyInPackage>
      <ItemPrice>14.90</ItemPrice>
      <UnitOfMeasurePrice>1.99</UnitOfMeasurePrice>
      <AllowDiscount>0</AllowDiscount>
      <itemStatus>1</itemStatus>
      <LastUpdateDate />
      <LastUpdateTime />
    </Product>
    <Product>
      <PriceUpdateDate>2020/01/09 09:37</PriceUpdateDate>
      <ItemCode>7290000291932</ItemCode>
      <ItemType>1</ItemType>
      <ItemName>סנובון נוזלי לבנדר 750 מ"ל</ItemName>
      <ManufactureName>החב הדרומית לשיווק</ManufactureName>
      <ManufactureCountry />
      <ManufactureItemDescription />
      <UnitQty>י"ח</UnitQty>
      <Quantity>750</Quantity>
      <UnitMeasure>ל  מ"ל</UnitMeasure>
      <BisWeighted>0</BisWeighted>
      <QtyInPackage>1</QtyInPackage>
      <ItemPrice>9.90</ItemPrice>
      <UnitOfMeasurePrice>1.32</UnitOfMeasurePrice>
      <AllowDiscount>0</AllowDiscount>
      <itemStatus>1</itemStatus>
      <LastUpdateDate />
      <LastUpdateTime />
    </Product>
    <Product>
      <PriceUpdateDate>2019/06/11 09:22</PriceUpdateDate>
      <ItemCode>292007</ItemCode>
      <ItemType>0</ItemType>
      <ItemName>K3 פיתיון גל קוטל חרקים 10ג</ItemName>
      <ManufactureName>החב הדרומית לשיווק</ManufactureName>
      <ManufactureCountry />
      <ManufactureItemDescription />
      <UnitQty>י"ח</UnitQty>
      <Quantity>10</Quantity>
      <UnitMeasure>ל  מ"ל</UnitMeasure>
      <BisWeighted>0</BisWeighted>
      <QtyInPackage>1</QtyInPackage>
      <ItemPrice>49.90</ItemPrice>
      <UnitOfMeasurePrice>499</UnitOfMeasurePrice>
      <AllowDiscount>0</AllowDiscount>
      <itemStatus>1</itemStatus>
      <LastUpdateDate />
      <LastUpdateTime />
    </Product>
    <Product>
      <PriceUpdateDate>2020/01/13 10:42</PriceUpdateDate>
      <ItemCode>7290000292311</ItemCode>
      <ItemType>1</ItemType>
      <ItemName>פוליויקס סחלבים 2 ליטר</ItemName>
      <ManufactureName>החב הדרומית לשיווק</ManufactureName>
      <ManufactureCountry />
      <ManufactureItemDescription />
      <UnitQty>י"ח</UnitQty>
      <Quantity>200</Quantity>
      <UnitMeasure>ל  מ"ל</UnitMeasure>
      <BisWeighted>0</BisWeighted>
      <QtyInPackage>1</QtyInPackage>
      <ItemPrice>19.90</ItemPrice>
      <UnitOfMeasurePrice>9.95</UnitOfMeasurePrice>
      <AllowDiscount>1</AllowDiscount>
      <itemStatus>1</itemStatus>
      <LastUpdateDate />
      <LastUpdateTime />
    </Product>
    <Product>
      <PriceUpdateDate>2019/12/04 14:54</PriceUpdateDate>
      <ItemCode>7290000292533</ItemCode>
      <ItemType>1</ItemType>
      <ItemName>סנו ג ל לניקוי כחול</ItemName>
      <ManufactureName>החב הדרומית לשיווק</ManufactureName>
      <ManufactureCountry />
      <ManufactureItemDescription />
      <UnitQty>י"ח</UnitQty>
      <Quantity>1</Quantity>
      <UnitMeasure>ליטר</UnitMeasure>
      <BisWeighted>0</BisWeighted>
      <QtyInPackage>1</QtyInPackage>
      <ItemPrice>13.90</ItemPrice>
      <UnitOfMeasurePrice>13.90</UnitOfMeasurePrice>
      <AllowDiscount>0</AllowDiscount>
      <itemStatus>1</itemStatus>
      <LastUpdateDate />
      <LastUpdateTime />
    </Product>
    <Product>
      <PriceUpdateDate>2019/12/04 14:54</PriceUpdateDate>
      <ItemCode>7290000292915</ItemCode>
      <ItemType>1</ItemType>
      <ItemName>סנו רסס ונגב מרסס 750 מ"ל</ItemName>
      <ManufactureName>החב הדרומית לשיווק</ManufactureName>
      <ManufactureCountry />
      <ManufactureItemDescription />
      <UnitQty>י"ח</UnitQty>
      <Quantity>600</Quantity>
      <UnitMeasure>ל  מ"ל</UnitMeasure>
      <BisWeighted>0</BisWeighted>
      <QtyInPackage>1</QtyInPackage>
      <ItemPrice>14.90</ItemPrice>
      <UnitOfMeasurePrice>2.48</UnitOfMeasurePrice>
      <AllowDiscount>1</AllowDiscount>
      <itemStatus>1</itemStatus>
      <LastUpdateDate />
      <LastUpdateTime />
    </Product>
    <Product>
      <PriceUpdateDate>2020/01/01 13:17</PriceUpdateDate>
      <ItemCode>7290000293073</ItemCode>
      <ItemType>1</ItemType>
      <ItemName>מקסימה מרכך לבן  ביו מקסי 4 ל</ItemName>
      <ManufactureName>החב הדרומית לשיווק</ManufactureName>
      <ManufactureCountry />
      <ManufactureItemDescription />
      <UnitQty>י"ח</UnitQty>
      <Quantity>4</Quantity>
      <UnitMeasure>ליטר</UnitMeasure>
      <BisWeighted>0</BisWeighted>
      <QtyInPackage>1</QtyInPackage>
      <ItemPrice>21.90</ItemPrice>
      <UnitOfMeasurePrice>5.48</UnitOfMeasurePrice>
      <AllowDiscount>0</AllowDiscount>
      <itemStatus>1</itemStatus>
      <LastUpdateDate />
      <LastUpdateTime />
    </Product>
    <Product>
      <PriceUpdateDate>2019/12/04 14:54</PriceUpdateDate>
      <ItemCode>7290000293561</ItemCode>
      <ItemType>1</ItemType>
      <ItemName>מסיר עובש סנו</ItemName>
      <ManufactureName>החב הדרומית לשיווק</ManufactureName>
      <ManufactureCountry />
      <ManufactureItemDescription />
      <UnitQty>י"ח</UnitQty>
      <Quantity>750</Quantity>
      <UnitMeasure>ל  מ"ל</UnitMeasure>
      <BisWeighted>0</BisWeighted>
      <QtyInPackage>1</QtyInPackage>
      <ItemPrice>14.90</ItemPrice>
      <UnitOfMeasurePrice>1.99</UnitOfMeasurePrice>
      <AllowDiscount>0</AllowDiscount>
      <itemStatus>1</itemStatus>
      <LastUpdateDate />
      <LastUpdateTime />
    </Product>
    <Product>
      <PriceUpdateDate>2019/12/09 14:32</PriceUpdateDate>
      <ItemCode>7290000293943</ItemCode>
      <ItemType>1</ItemType>
      <ItemName>אנטי קאלק מרסס</ItemName>
      <ManufactureName>החב הדרומית לשיווק</ManufactureName>
      <ManufactureCountry />
      <ManufactureItemDescription />
      <UnitQty>י"ח</UnitQty>
      <Quantity>1</Quantity>
      <UnitMeasure>ליטר</UnitMeasure>
      <BisWeighted>0</BisWeighted>
      <QtyInPackage>1</QtyInPackage>
      <ItemPrice>16.90</ItemPrice>
      <UnitOfMeasurePrice>16.90</UnitOfMeasurePrice>
      <AllowDiscount>1</AllowDiscount>
      <itemStatus>1</itemStatus>
      <LastUpdateDate />
      <LastUpdateTime />
    </Product>
    <Product>
      <PriceUpdateDate>2019/12/09 14:32</PriceUpdateDate>
      <ItemCode>7290000294391</ItemCode>
      <ItemType>1</ItemType>
      <ItemName>סנו jJET הכל יכול  -4 ל  אקטיב</ItemName>
      <ManufactureName>החב הדרומית לשיווק</ManufactureName>
      <ManufactureCountry />
      <ManufactureItemDescription />
      <UnitQty>י"ח</UnitQty>
      <Quantity>4</Quantity>
      <UnitMeasure>ליטר</UnitMeasure>
      <BisWeighted>0</BisWeighted>
      <QtyInPackage>1</QtyInPackage>
      <ItemPrice>17.90</ItemPrice>
      <UnitOfMeasurePrice>4.48</UnitOfMeasurePrice>
      <AllowDiscount>0</AllowDiscount>
      <itemStatus>1</itemStatus>
      <LastUpdateDate />
      <LastUpdateTime />
    </Product>
    <Product>
      <PriceUpdateDate>2020/01/13 10:42</PriceUpdateDate>
      <ItemCode>7290000295299</ItemCode>
      <ItemType>1</ItemType>
      <ItemName>כריות הפלא סנו סושי 4 יחידות</ItemName>
      <ManufactureName>החב הדרומית לשיווק</ManufactureName>
      <ManufactureCountry />
      <ManufactureItemDescription />
      <UnitQty>י"ח</UnitQty>
      <Quantity>1</Quantity>
      <UnitMeasure />
      <BisWeighted>0</BisWeighted>
      <QtyInPackage>1</QtyInPackage>
      <ItemPrice>9.90</ItemPrice>
      <UnitOfMeasurePrice>9.90</UnitOfMeasurePrice>
      <AllowDiscount>1</AllowDiscount>
      <itemStatus>1</itemStatus>
      <LastUpdateDate />
      <LastUpdateTime />
    </Product>
    <Product>
      <PriceUpdateDate>2019/12/04 14:54</PriceUpdateDate>
      <ItemCode>7290000295367</ItemCode>
      <ItemType>1</ItemType>
      <ItemName>א.כביסה מקסימה 2.5 אפקט זאוול  ק"ג</ItemName>
      <ManufactureName>החב הדרומית לשיווק</ManufactureName>
      <ManufactureCountry />
      <ManufactureItemDescription />
      <UnitQty>י"ח</UnitQty>
      <Quantity>2.50</Quantity>
      <UnitMeasure>ק"ג</UnitMeasure>
      <BisWeighted>0</BisWeighted>
      <QtyInPackage>1</QtyInPackage>
      <ItemPrice>25.90</ItemPrice>
      <UnitOfMeasurePrice>10.36</UnitOfMeasurePrice>
      <AllowDiscount>1</AllowDiscount>
      <itemStatus>1</itemStatus>
      <LastUpdateDate />
      <LastUpdateTime />
    </Product>
    <Product>
      <PriceUpdateDate>2020/04/30 10:50</PriceUpdateDate>
      <ItemCode>7290000295404</ItemCode>
      <ItemType>1</ItemType>
      <ItemName>סושי 60 שקיות אשפה</ItemName>
      <ManufactureName>החב הדרומית לשיווק</ManufactureName>
      <ManufactureCountry />
      <ManufactureItemDescription />
      <UnitQty>י"ח</UnitQty>
      <Quantity>1</Quantity>
      <UnitMeasure>י"ח</UnitMeasure>
      <BisWeighted>0</BisWeighted>
      <QtyInPackage>1</QtyInPackage>
      <ItemPrice>23.90</ItemPrice>
      <UnitOfMeasurePrice>23.90</UnitOfMeasurePrice>
      <AllowDiscount>1</AllowDiscount>
      <itemStatus>1</itemStatus>
      <LastUpdateDate />
      <LastUpdateTime />
    </Product>
    <Product>
      <PriceUpdateDate>2015/01/18 08:33</PriceUpdateDate>
      <ItemCode>7290000295503</ItemCode>
      <ItemType>1</ItemType>
      <ItemName>זוג סנו סושי מזון בקרטון</ItemName>
      <ManufactureName>החב הדרומית לשיווק</ManufactureName>
      <ManufactureCountry />
      <ManufactureItemDescription />
      <UnitQty>י"ח</UnitQty>
      <Quantity>1</Quantity>
      <UnitMeasure />
      <BisWeighted>0</BisWeighted>
      <QtyInPackage>1</QtyInPackage>
      <ItemPrice>13.90</ItemPrice>
      <UnitOfMeasurePrice>13.90</UnitOfMeasurePrice>
      <AllowDiscount>0</AllowDiscount>
      <itemStatus>1</itemStatus>
      <LastUpdateDate />
      <LastUpdateTime />
    </Product>
    <Product>
      <PriceUpdateDate>2019/12/04 14:54</PriceUpdateDate>
      <ItemCode>7290000295541</ItemCode>
      <ItemType>1</ItemType>
      <ItemName>סנו סושי רב מגבת ג`מבו 75 יחידות</ItemName>
      <ManufactureName>החב הדרומית לשיווק</ManufactureName>
      <ManufactureCountry />
      <ManufactureItemDescription />
      <UnitQty>י"ח</UnitQty>
      <Quantity>390</Quantity>
      <UnitMeasure>ל  גרם</UnitMeasure>
      <BisWeighted>0</BisWeighted>
      <QtyInPackage>1</QtyInPackage>
      <ItemPrice>16.90</ItemPrice>
      <UnitOfMeasurePrice>4.33</UnitOfMeasurePrice>
      <AllowDiscount>0</AllowDiscount>
      <itemStatus>1</itemStatus>
      <LastUpdateDate />
      <LastUpdateTime />
    </Product>
    <Product>
      <PriceUpdateDate>2017/01/10 17:49</PriceUpdateDate>
      <ItemCode>7290000302027</ItemCode>
      <ItemType>1</ItemType>
      <ItemName>סיגריות טיים 10(  יח)</ItemName>
      <ManufactureName>דובק בעמ</ManufactureName>
      <ManufactureCountry />
      <ManufactureItemDescription />
      <UnitQty>י"ח</UnitQty>
      <Quantity>200</Quantity>
      <UnitMeasure>י"ח</UnitMeasure>
      <BisWeighted>0</BisWeighted>
      <QtyInPackage>1</QtyInPackage>
      <ItemPrice>275</ItemPrice>
      <UnitOfMeasurePrice>1.38</UnitOfMeasurePrice>
      <AllowDiscount>0</AllowDiscount>
      <itemStatus>1</itemStatus>
      <LastUpdateDate />
      <LastUpdateTime />
    </Product>
    <Product>
      <PriceUpdateDate>2018/06/11 09:09</PriceUpdateDate>
      <ItemCode>305486</ItemCode>
      <ItemType>0</ItemType>
      <ItemName>סלט טונה יונה 160ג *4יח</ItemName>
      <ManufactureName>דיפלומט בעמ</ManufactureName>
      <ManufactureCountry />
      <ManufactureItemDescription />
      <UnitQty>י"ח</UnitQty>
      <Quantity>640</Quantity>
      <UnitMeasure>ל  גרם</UnitMeasure>
      <BisWeighted>0</BisWeighted>
      <QtyInPackage>1</QtyInPackage>
      <ItemPrice>21.90</ItemPrice>
      <UnitOfMeasurePrice>3.42</UnitOfMeasurePrice>
      <AllowDiscount>1</AllowDiscount>
      <itemStatus>1</itemStatus>
      <LastUpdateDate />
      <LastUpdateTime />
    </Product>
    <Product>
      <PriceUpdateDate>2016/11/09 13:57</PriceUpdateDate>
      <ItemCode>7290000307220</ItemCode>
      <ItemType>1</ItemType>
      <ItemName>תירס  ואקום}פריגליל{</ItemName>
      <ManufactureName>ויטה- פרי גליל (החדשה) בעמ</ManufactureName>
      <ManufactureCountry />
      <ManufactureItemDescription />
      <UnitQty>י"ח</UnitQty>
      <Quantity>450</Quantity>
      <UnitMeasure>ל  גרם</UnitMeasure>
      <BisWeighted>0</BisWeighted>
      <QtyInPackage>1</QtyInPackage>
      <ItemPrice>5.30</ItemPrice>
      <UnitOfMeasurePrice>1.18</UnitOfMeasurePrice>
      <AllowDiscount>0</AllowDiscount>
      <itemStatus>1</itemStatus>
      <LastUpdateDate />
      <LastUpdateTime />
    </Product>
    <Product>
      <PriceUpdateDate>2016/08/28 09:26</PriceUpdateDate>
      <ItemCode>7290000311081</ItemCode>
      <ItemType>1</ItemType>
      <ItemName>וופל מקמח חיטה מלאה 200גר מן</ItemName>
      <ManufactureName>ח.כהן סוכנות מזון ומשקאות בע</ManufactureName>
      <ManufactureCountry />
      <ManufactureItemDescription />
      <UnitQty>י"ח</UnitQty>
      <Quantity>500</Quantity>
      <UnitMeasure>ל  גרם</UnitMeasure>
      <BisWeighted>0</BisWeighted>
      <QtyInPackage>1</QtyInPackage>
      <ItemPrice>5.90</ItemPrice>
      <UnitOfMeasurePrice>1.18</UnitOfMeasurePrice>
      <AllowDiscount>0</AllowDiscount>
      <itemStatus>1</itemStatus>
      <LastUpdateDate />
      <LastUpdateTime />
    </Product>
    <Product>
      <PriceUpdateDate>2016/02/05 10:13</PriceUpdateDate>
      <ItemCode>7290000311203</ItemCode>
      <ItemType>1</ItemType>
      <ItemName>וופל שוקו 200 גר מן</ItemName>
      <ManufactureName>ח.כהן סוכנות מזון ומשקאות בע</ManufactureName>
      <ManufactureCountry />
      <ManufactureItemDescription />
      <UnitQty>י"ח</UnitQty>
      <Quantity>200</Quantity>
      <UnitMeasure>ל  גרם</UnitMeasure>
      <BisWeighted>0</BisWeighted>
      <QtyInPackage>1</QtyInPackage>
      <ItemPrice>4.90</ItemPrice>
      <UnitOfMeasurePrice>2.45</UnitOfMeasurePrice>
      <AllowDiscount>0</AllowDiscount>
      <itemStatus>1</itemStatus>
      <LastUpdateDate />
      <LastUpdateTime />
    </Product>
    <Product>
      <PriceUpdateDate>2016/02/05 10:13</PriceUpdateDate>
      <ItemCode>7290000311210</ItemCode>
      <ItemType>1</ItemType>
      <ItemName>לימון 200 ופל מן</ItemName>
      <ManufactureName>ח.כהן סוכנות מזון ומשקאות בע</ManufactureName>
      <ManufactureCountry />
      <ManufactureItemDescription />
      <UnitQty>י"ח</UnitQty>
      <Quantity>200</Quantity>
      <UnitMeasure>ל  גרם</UnitMeasure>
      <BisWeighted>0</BisWeighted>
      <QtyInPackage>1</QtyInPackage>
      <ItemPrice>4.90</ItemPrice>
      <UnitOfMeasurePrice>2.45</UnitOfMeasurePrice>
      <AllowDiscount>0</AllowDiscount>
      <itemStatus>1</itemStatus>
      <LastUpdateDate />
      <LastUpdateTime />
    </Product>
    <Product>
      <PriceUpdateDate>2016/04/06 14:00</PriceUpdateDate>
      <ItemCode>7290000311425</ItemCode>
      <ItemType>1</ItemType>
      <ItemName>וופל מצופה כחול 10יח מן</ItemName>
      <ManufactureName>ח.כהן סוכנות מזון ומשקאות בע</ManufactureName>
      <ManufactureCountry />
      <ManufactureItemDescription />
      <UnitQty>י"ח</UnitQty>
      <Quantity>200</Quantity>
      <UnitMeasure>ל  גרם</UnitMeasure>
      <BisWeighted>0</BisWeighted>
      <QtyInPackage>1</QtyInPackage>
      <ItemPrice>8.90</ItemPrice>
      <UnitOfMeasurePrice>4.45</UnitOfMeasurePrice>
      <AllowDiscount>0</AllowDiscount>
      <itemStatus>1</itemStatus>
      <LastUpdateDate />
      <LastUpdateTime />
    </Product>
    <Product>
      <PriceUpdateDate>2013/12/03 16:10</PriceUpdateDate>
      <ItemCode>7290000313160</ItemCode>
      <ItemType>1</ItemType>
      <ItemName>חברים זברה 3דובים שוקו</ItemName>
      <ManufactureName>קבוצת אוסם סחר-שות.מוגבלת</ManufactureName>
      <ManufactureCountry />
      <ManufactureItemDescription />
      <UnitQty>י"ח</UnitQty>
      <Quantity>250</Quantity>
      <UnitMeasure>ל  גרם</UnitMeasure>
      <BisWeighted>0</BisWeighted>
      <QtyInPackage>1</QtyInPackage>
      <ItemPrice>8.60</ItemPrice>
      <UnitOfMeasurePrice>3.44</UnitOfMeasurePrice>
      <AllowDiscount>0</AllowDiscount>
      <itemStatus>1</itemStatus>
      <LastUpdateDate />
      <LastUpdateTime />
    </Product>
    <Product>
      <PriceUpdateDate>2013/12/03 16:10</PriceUpdateDate>
      <ItemCode>7290000313184</ItemCode>
      <ItemType>1</ItemType>
      <ItemName>חברים-בסקוויט גן חיות 250ג</ItemName>
      <ManufactureName>קבוצת אוסם סחר-שות.מוגבלת</ManufactureName>
      <ManufactureCountry />
      <ManufactureItemDescription />
      <UnitQty>י"ח</UnitQty>
      <Quantity>250</Quantity>
      <UnitMeasure>ל  גרם</UnitMeasure>
      <BisWeighted>0</BisWeighted>
      <QtyInPackage>1</QtyInPackage>
      <ItemPrice>8.60</ItemPrice>
      <UnitOfMeasurePrice>3.44</UnitOfMeasurePrice>
      <AllowDiscount>0</AllowDiscount>
      <itemStatus>1</itemStatus>
      <LastUpdateDate />
      <LastUpdateTime />
    </Product>
    <Product>
      <PriceUpdateDate>2018/06/10 10:48</PriceUpdateDate>
      <ItemCode>317970</ItemCode>
      <ItemType>0</ItemType>
      <ItemName>פסטרמה כפרית שקילה טירת צבי</ItemName>
      <ManufactureName>תנובה בשר</ManufactureName>
      <ManufactureCountry />
      <ManufactureItemDescription />
      <UnitQty>ק"ג</UnitQty>
      <Quantity>1000</Quantity>
      <UnitMeasure>ל  גרם</UnitMeasure>
      <BisWeighted>1</BisWeighted>
      <QtyInPackage>1</QtyInPackage>
      <ItemPrice>54.90</ItemPrice>
      <UnitOfMeasurePrice>5.49</UnitOfMeasurePrice>
      <AllowDiscount>0</AllowDiscount>
      <itemStatus>1</itemStatus>
      <LastUpdateDate />
      <LastUpdateTime />
    </Product>
    <Product>
      <PriceUpdateDate>2019/01/08 11:03</PriceUpdateDate>
      <ItemCode>7290000318127</ItemCode>
      <ItemType>1</ItemType>
      <ItemName>מיני ביס נקנקיות 380 גרם</ItemName>
      <ManufactureName>מעדני יחיעם 1993 בעמ</ManufactureName>
      <ManufactureCountry />
      <ManufactureItemDescription />
      <UnitQty>י"ח</UnitQty>
      <Quantity>380</Quantity>
      <UnitMeasure>ל  גרם</UnitMeasure>
      <BisWeighted>0</BisWeighted>
      <QtyInPackage>1</QtyInPackage>
      <ItemPrice>11.90</ItemPrice>
      <UnitOfMeasurePrice>3.13</UnitOfMeasurePrice>
      <AllowDiscount>1</AllowDiscount>
      <itemStatus>1</itemStatus>
      <LastUpdateDate />
      <LastUpdateTime />
    </Product>
    <Product>
      <PriceUpdateDate>2013/10/31 16:52</PriceUpdateDate>
      <ItemCode>7290000318677</ItemCode>
      <ItemType>1</ItemType>
      <ItemName>סלמי סרוולט</ItemName>
      <ManufactureName>מעדני יחיעם 1993 בעמ</ManufactureName>
      <ManufactureCountry />
      <ManufactureItemDescription />
      <UnitQty>י"ח</UnitQty>
      <Quantity>150</Quantity>
      <UnitMeasure>ל  גרם</UnitMeasure>
      <BisWeighted>0</BisWeighted>
      <QtyInPackage>1</QtyInPackage>
      <ItemPrice>27.90</ItemPrice>
      <UnitOfMeasurePrice>18.60</UnitOfMeasurePrice>
      <AllowDiscount>1</AllowDiscount>
      <itemStatus>1</itemStatus>
      <LastUpdateDate />
      <LastUpdateTime />
    </Product>
    <Product>
      <PriceUpdateDate>2016/02/05 09:41</PriceUpdateDate>
      <ItemCode>7290000318806</ItemCode>
      <ItemType>1</ItemType>
      <ItemName>סלמי  סרוולד{יחיעם}</ItemName>
      <ManufactureName>מעדני יחיעם 1993 בעמ</ManufactureName>
      <ManufactureCountry />
      <ManufactureItemDescription />
      <UnitQty>ק"ג</UnitQty>
      <Quantity>1</Quantity>
      <UnitMeasure />
      <BisWeighted>1</BisWeighted>
      <QtyInPackage>1</QtyInPackage>
      <ItemPrice>149.90</ItemPrice>
      <UnitOfMeasurePrice>149.90</UnitOfMeasurePrice>
      <AllowDiscount>0</AllowDiscount>
      <itemStatus>1</itemStatus>
      <LastUpdateDate />
      <LastUpdateTime />
    </Product>
    <Product>
      <PriceUpdateDate>2015/06/22 14:40</PriceUpdateDate>
      <ItemCode>7290000318837</ItemCode>
      <ItemType>1</ItemType>
      <ItemName>קורנדביף-פסטרמי   בקר</ItemName>
      <ManufactureName>מעדני יחיעם 1993 בעמ</ManufactureName>
      <ManufactureCountry />
      <ManufactureItemDescription />
      <UnitQty>ק"ג</UnitQty>
      <Quantity>1</Quantity>
      <UnitMeasure />
      <BisWeighted>1</BisWeighted>
      <QtyInPackage>1</QtyInPackage>
      <ItemPrice>109.90</ItemPrice>
      <UnitOfMeasurePrice>109.90</UnitOfMeasurePrice>
      <AllowDiscount>0</AllowDiscount>
      <itemStatus>1</itemStatus>
      <LastUpdateDate />
      <LastUpdateTime />
    </Product>
    <Product>
      <PriceUpdateDate>2015/06/22 15:22</PriceUpdateDate>
      <ItemCode>7290000318899</ItemCode>
      <ItemType>1</ItemType>
      <ItemName>סלמי  פיין {יחיעם}</ItemName>
      <ManufactureName>מעדני יחיעם 1993 בעמ</ManufactureName>
      <ManufactureCountry />
      <ManufactureItemDescription />
      <UnitQty>ק"ג</UnitQty>
      <Quantity>1</Quantity>
      <UnitMeasure />
      <BisWeighted>1</BisWeighted>
      <QtyInPackage>1</QtyInPackage>
      <ItemPrice>49.90</ItemPrice>
      <UnitOfMeasurePrice>49.90</UnitOfMeasurePrice>
      <AllowDiscount>0</AllowDiscount>
      <itemStatus>1</itemStatus>
      <LastUpdateDate />
      <LastUpdateTime />
    </Product>
    <Product>
      <PriceUpdateDate>2013/12/16 09:10</PriceUpdateDate>
      <ItemCode>7290000318943</ItemCode>
      <ItemType>1</ItemType>
      <ItemName>פסטרמה של פעם</ItemName>
      <ManufactureName>מעדני יחיעם 1993 בעמ</ManufactureName>
      <ManufactureCountry />
      <ManufactureItemDescription />
      <UnitQty>י"ח</UnitQty>
      <Quantity>200</Quantity>
      <UnitMeasure>ל  גרם</UnitMeasure>
      <BisWeighted>0</BisWeighted>
      <QtyInPackage>1</QtyInPackage>
      <ItemPrice>21.90</ItemPrice>
      <UnitOfMeasurePrice>10.95</UnitOfMeasurePrice>
      <AllowDiscount>1</AllowDiscount>
      <itemStatus>1</itemStatus>
      <LastUpdateDate />
      <LastUpdateTime />
    </Product>
    <Product>
      <PriceUpdateDate>2015/10/19 13:58</PriceUpdateDate>
      <ItemCode>319049</ItemCode>
      <ItemType>0</ItemType>
      <ItemName>פסטרמה גלילית יחיעם</ItemName>
      <ManufactureName>מעדני יחיעם 1993 בעמ</ManufactureName>
      <ManufactureCountry />
      <ManufactureItemDescription />
      <UnitQty>ק"ג</UnitQty>
      <Quantity>1000</Quantity>
      <UnitMeasure>ל  גרם</UnitMeasure>
      <BisWeighted>1</BisWeighted>
      <QtyInPackage>1</QtyInPackage>
      <ItemPrice>44.90</ItemPrice>
      <UnitOfMeasurePrice>4.49</UnitOfMeasurePrice>
      <AllowDiscount>0</AllowDiscount>
      <itemStatus>1</itemStatus>
      <LastUpdateDate />
      <LastUpdateTime />
    </Product>
    <Product>
      <PriceUpdateDate>2016/02/05 09:42</PriceUpdateDate>
      <ItemCode>7290000319124</ItemCode>
      <ItemType>1</ItemType>
      <ItemName>סלמי סרוולט 250 גרם</ItemName>
      <ManufactureName>מעדני יחיעם 1993 בעמ</ManufactureName>
      <ManufactureCountry />
      <ManufactureItemDescription />
      <UnitQty>י"ח</UnitQty>
      <Quantity>250</Quantity>
      <UnitMeasure>ל  גרם</UnitMeasure>
      <BisWeighted>0</BisWeighted>
      <QtyInPackage>1</QtyInPackage>
      <ItemPrice>37.90</ItemPrice>
      <UnitOfMeasurePrice>15.16</UnitOfMeasurePrice>
      <AllowDiscount>0</AllowDiscount>
      <itemStatus>1</itemStatus>
      <LastUpdateDate />
      <LastUpdateTime />
    </Product>
    <Product>
      <PriceUpdateDate>2019/01/08 11:03</PriceUpdateDate>
      <ItemCode>7290000319131</ItemCode>
      <ItemType>1</ItemType>
      <ItemName>נקניקיות עוף 400 גרם</ItemName>
      <ManufactureName>מעדני יחיעם 1993 בעמ</ManufactureName>
      <ManufactureCountry />
      <ManufactureItemDescription />
      <UnitQty>י"ח</UnitQty>
      <Quantity>400</Quantity>
      <UnitMeasure>ל  גרם</UnitMeasure>
      <BisWeighted>0</BisWeighted>
      <QtyInPackage>1</QtyInPackage>
      <ItemPrice>11.90</ItemPrice>
      <UnitOfMeasurePrice>2.98</UnitOfMeasurePrice>
      <AllowDiscount>1</AllowDiscount>
      <itemStatus>1</itemStatus>
      <LastUpdateDate />
      <LastUpdateTime />
    </Product>
    <Product>
      <PriceUpdateDate>2013/10/31 16:57</PriceUpdateDate>
      <ItemCode>7290000319520</ItemCode>
      <ItemType>1</ItemType>
      <ItemName>סלמי צרפתי</ItemName>
      <ManufactureName>מעדני יחיעם 1993 בעמ</ManufactureName>
      <ManufactureCountry />
      <ManufactureItemDescription />
      <UnitQty>י"ח</UnitQty>
      <Quantity>100</Quantity>
      <UnitMeasure>ל  גרם</UnitMeasure>
      <BisWeighted>0</BisWeighted>
      <QtyInPackage>1</QtyInPackage>
      <ItemPrice>20.90</ItemPrice>
      <UnitOfMeasurePrice>20.90</UnitOfMeasurePrice>
      <AllowDiscount>1</AllowDiscount>
      <itemStatus>1</itemStatus>
      <LastUpdateDate />
      <LastUpdateTime />
    </Product>
    <Product>
      <PriceUpdateDate>2015/10/30 10:46</PriceUpdateDate>
      <ItemCode>319728</ItemCode>
      <ItemType>0</ItemType>
      <ItemName>איטלקי  מפולפל{יחיעם}</ItemName>
      <ManufactureName>מעדני יחיעם 1993 בעמ</ManufactureName>
      <ManufactureCountry />
      <ManufactureItemDescription />
      <UnitQty>ק"ג</UnitQty>
      <Quantity>1000</Quantity>
      <UnitMeasure>ל  גרם</UnitMeasure>
      <BisWeighted>1</BisWeighted>
      <QtyInPackage>1</QtyInPackage>
      <ItemPrice>77.90</ItemPrice>
      <UnitOfMeasurePrice>7.79</UnitOfMeasurePrice>
      <AllowDiscount>0</AllowDiscount>
      <itemStatus>1</itemStatus>
      <LastUpdateDate />
      <LastUpdateTime />
    </Product>
    <Product>
      <PriceUpdateDate>2014/08/28 11:20</PriceUpdateDate>
      <ItemCode>319759</ItemCode>
      <ItemType>0</ItemType>
      <ItemName>סלמי תה שקיל</ItemName>
      <ManufactureName>מעדני יחיעם 1993 בעמ</ManufactureName>
      <ManufactureCountry />
      <ManufactureItemDescription />
      <UnitQty>ק"ג</UnitQty>
      <Quantity>800</Quantity>
      <UnitMeasure>ל  גרם</UnitMeasure>
      <BisWeighted>1</BisWeighted>
      <QtyInPackage>1</QtyInPackage>
      <ItemPrice>44.90</ItemPrice>
      <UnitOfMeasurePrice>5.61</UnitOfMeasurePrice>
      <AllowDiscount>0</AllowDiscount>
      <itemStatus>1</itemStatus>
      <LastUpdateDate />
      <LastUpdateTime />
    </Product>
    <Product>
      <PriceUpdateDate>2019/01/08 11:03</PriceUpdateDate>
      <ItemCode>319803</ItemCode>
      <ItemType>0</ItemType>
      <ItemName>קבנוס קלאסי 125ג</ItemName>
      <ManufactureName>מעדני יחיעם 1993 בעמ</ManufactureName>
      <ManufactureCountry />
      <ManufactureItemDescription />
      <UnitQty>י"ח</UnitQty>
      <Quantity>125</Quantity>
      <UnitMeasure>ל  גרם</UnitMeasure>
      <BisWeighted>0</BisWeighted>
      <QtyInPackage>1</QtyInPackage>
      <ItemPrice>14.90</ItemPrice>
      <UnitOfMeasurePrice>11.92</UnitOfMeasurePrice>
      <AllowDiscount>1</AllowDiscount>
      <itemStatus>1</itemStatus>
      <LastUpdateDate />
      <LastUpdateTime />
    </Product>
    <Product>
      <PriceUpdateDate>2019/12/31 11:14</PriceUpdateDate>
      <ItemCode>7290000339191</ItemCode>
      <ItemType>1</ItemType>
      <ItemName>רן הלבנה 35גר קל</ItemName>
      <ManufactureName>יוניליוור ישראל שיווק בעמ</ManufactureName>
      <ManufactureCountry />
      <ManufactureItemDescription />
      <UnitQty>י"ח</UnitQty>
      <Quantity>350</Quantity>
      <UnitMeasure>ל  גרם</UnitMeasure>
      <BisWeighted>0</BisWeighted>
      <QtyInPackage>1</QtyInPackage>
      <ItemPrice>17.90</ItemPrice>
      <UnitOfMeasurePrice>5.11</UnitOfMeasurePrice>
      <AllowDiscount>0</AllowDiscount>
      <itemStatus>1</itemStatus>
      <LastUpdateDate />
      <LastUpdateTime />
    </Product>
    <Product>
      <PriceUpdateDate>2018/10/09 12:22</PriceUpdateDate>
      <ItemCode>7290000339566</ItemCode>
      <ItemType>1</ItemType>
      <ItemName>בדין ורוד 4 ליטר</ItemName>
      <ManufactureName>יוניליוור ישראל שיווק בעמ</ManufactureName>
      <ManufactureCountry />
      <ManufactureItemDescription />
      <UnitQty>י"ח</UnitQty>
      <Quantity>4</Quantity>
      <UnitMeasure>ליטר</UnitMeasure>
      <BisWeighted>0</BisWeighted>
      <QtyInPackage>1</QtyInPackage>
      <ItemPrice>19.90</ItemPrice>
      <UnitOfMeasurePrice>4.98</UnitOfMeasurePrice>
      <AllowDiscount>0</AllowDiscount>
      <itemStatus>1</itemStatus>
      <LastUpdateDate />
      <LastUpdateTime />
    </Product>
    <Product>
      <PriceUpdateDate>2019/12/31 11:14</PriceUpdateDate>
      <ItemCode>7290000341071</ItemCode>
      <ItemType>1</ItemType>
      <ItemName>בייבי בדין 2 ליטר</ItemName>
      <ManufactureName>יוניליוור ישראל שיווק בעמ</ManufactureName>
      <ManufactureCountry />
      <ManufactureItemDescription />
      <UnitQty>י"ח</UnitQty>
      <Quantity>2</Quantity>
      <UnitMeasure>ליטר</UnitMeasure>
      <BisWeighted>0</BisWeighted>
      <QtyInPackage>1</QtyInPackage>
      <ItemPrice>14.90</ItemPrice>
      <UnitOfMeasurePrice>7.45</UnitOfMeasurePrice>
      <AllowDiscount>0</AllowDiscount>
      <itemStatus>1</itemStatus>
      <LastUpdateDate />
      <LastUpdateTime />
    </Product>
    <Product>
      <PriceUpdateDate>2018/10/09 12:22</PriceUpdateDate>
      <ItemCode>7290000342832</ItemCode>
      <ItemType>1</ItemType>
      <ItemName>בדין צהוב 4 ל</ItemName>
      <ManufactureName>יוניליוור ישראל שיווק בעמ</ManufactureName>
      <ManufactureCountry />
      <ManufactureItemDescription />
      <UnitQty>י"ח</UnitQty>
      <Quantity>4</Quantity>
      <UnitMeasure>ליטר</UnitMeasure>
      <BisWeighted>0</BisWeighted>
      <QtyInPackage>1</QtyInPackage>
      <ItemPrice>19.90</ItemPrice>
      <UnitOfMeasurePrice>4.98</UnitOfMeasurePrice>
      <AllowDiscount>0</AllowDiscount>
      <itemStatus>1</itemStatus>
      <LastUpdateDate />
      <LastUpdateTime />
    </Product>
    <Product>
      <PriceUpdateDate>2013/12/17 14:32</PriceUpdateDate>
      <ItemCode>7290000345291</ItemCode>
      <ItemType>1</ItemType>
      <ItemName>תה ארל גריי 1.5/25</ItemName>
      <ManufactureName>תה ויסוצקי (ישראל)בעמ</ManufactureName>
      <ManufactureCountry />
      <ManufactureItemDescription />
      <UnitQty>י"ח</UnitQty>
      <Quantity>37.50</Quantity>
      <UnitMeasure>ל  גרם</UnitMeasure>
      <BisWeighted>0</BisWeighted>
      <QtyInPackage>1</QtyInPackage>
      <ItemPrice>15.90</ItemPrice>
      <UnitOfMeasurePrice>42.40</UnitOfMeasurePrice>
      <AllowDiscount>0</AllowDiscount>
      <itemStatus>1</itemStatus>
      <LastUpdateDate />
      <LastUpdateTime />
    </Product>
    <Product>
      <PriceUpdateDate>2018/05/31 08:17</PriceUpdateDate>
      <ItemCode>7290000345307</ItemCode>
      <ItemType>1</ItemType>
      <ItemName>תה ארל גריי 50 שקיות</ItemName>
      <ManufactureName>תה ויסוצקי (ישראל)בעמ</ManufactureName>
      <ManufactureCountry />
      <ManufactureItemDescription />
      <UnitQty>י"ח</UnitQty>
      <Quantity>75</Quantity>
      <UnitMeasure>ל  גרם</UnitMeasure>
      <BisWeighted>0</BisWeighted>
      <QtyInPackage>1</QtyInPackage>
      <ItemPrice>28.90</ItemPrice>
      <UnitOfMeasurePrice>38.53</UnitOfMeasurePrice>
      <AllowDiscount>0</AllowDiscount>
      <itemStatus>1</itemStatus>
      <LastUpdateDate />
      <LastUpdateTime />
    </Product>
    <Product>
      <PriceUpdateDate>2013/12/17 14:33</PriceUpdateDate>
      <ItemCode>346021</ItemCode>
      <ItemType>0</ItemType>
      <ItemName>תה קמומיל 50 הגן הקסום</ItemName>
      <ManufactureName>תה ויסוצקי (ישראל)בעמ</ManufactureName>
      <ManufactureCountry />
      <ManufactureItemDescription />
      <UnitQty>י"ח</UnitQty>
      <Quantity>75</Quantity>
      <UnitMeasure>ל  גרם</UnitMeasure>
      <BisWeighted>0</BisWeighted>
      <QtyInPackage>1</QtyInPackage>
      <ItemPrice>33.70</ItemPrice>
      <UnitOfMeasurePrice>44.93</UnitOfMeasurePrice>
      <AllowDiscount>0</AllowDiscount>
      <itemStatus>1</itemStatus>
      <LastUpdateDate />
      <LastUpdateTime />
    </Product>
    <Product>
      <PriceUpdateDate>2018/12/17 13:44</PriceUpdateDate>
      <ItemCode>7290000346137</ItemCode>
      <ItemType>1</ItemType>
      <ItemName>חליטת הילולי פירות</ItemName>
      <ManufactureName>תה ויסוצקי (ישראל)בעמ</ManufactureName>
      <ManufactureCountry />
      <ManufactureItemDescription />
      <UnitQty>י"ח</UnitQty>
      <Quantity>62.50</Quantity>
      <UnitMeasure>ל  גרם</UnitMeasure>
      <BisWeighted>0</BisWeighted>
      <QtyInPackage>1</QtyInPackage>
      <ItemPrice>17.90</ItemPrice>
      <UnitOfMeasurePrice>28.64</UnitOfMeasurePrice>
      <AllowDiscount>0</AllowDiscount>
      <itemStatus>1</itemStatus>
      <LastUpdateDate />
      <LastUpdateTime />
    </Product>
    <Product>
      <PriceUpdateDate>2018/12/17 14:50</PriceUpdateDate>
      <ItemCode>7290000346236</ItemCode>
      <ItemType>1</ItemType>
      <ItemName>גן הקסום ורבינה</ItemName>
      <ManufactureName>תה ויסוצקי (ישראל)בעמ</ManufactureName>
      <ManufactureCountry />
      <ManufactureItemDescription />
      <UnitQty>י"ח</UnitQty>
      <Quantity>50</Quantity>
      <UnitMeasure>ל  גרם</UnitMeasure>
      <BisWeighted>0</BisWeighted>
      <QtyInPackage>1</QtyInPackage>
      <ItemPrice>17.90</ItemPrice>
      <UnitOfMeasurePrice>35.80</UnitOfMeasurePrice>
      <AllowDiscount>0</AllowDiscount>
      <itemStatus>1</itemStatus>
      <LastUpdateDate />
      <LastUpdateTime />
    </Product>
    <Product>
      <PriceUpdateDate>2018/06/10 10:46</PriceUpdateDate>
      <ItemCode>7290000363462</ItemCode>
      <ItemType>1</ItemType>
      <ItemName>סלמי איטלקי מעושן ט.צבי</ItemName>
      <ManufactureName>תנובה בשר</ManufactureName>
      <ManufactureCountry />
      <ManufactureItemDescription />
      <UnitQty>ק"ג</UnitQty>
      <Quantity>1</Quantity>
      <UnitMeasure />
      <BisWeighted>1</BisWeighted>
      <QtyInPackage>1</QtyInPackage>
      <ItemPrice>84.90</ItemPrice>
      <UnitOfMeasurePrice>84.90</UnitOfMeasurePrice>
      <AllowDiscount>0</AllowDiscount>
      <itemStatus>1</itemStatus>
      <LastUpdateDate />
      <LastUpdateTime />
    </Product>
    <Product>
      <PriceUpdateDate>2018/06/10 10:48</PriceUpdateDate>
      <ItemCode>7290000363486</ItemCode>
      <ItemType>1</ItemType>
      <ItemName>סלמי תה טירת צבי</ItemName>
      <ManufactureName>תנובה בשר</ManufactureName>
      <ManufactureCountry />
      <ManufactureItemDescription />
      <UnitQty>ק"ג</UnitQty>
      <Quantity>1000</Quantity>
      <UnitMeasure>ל  גרם</UnitMeasure>
      <BisWeighted>1</BisWeighted>
      <QtyInPackage>1</QtyInPackage>
      <ItemPrice>54.90</ItemPrice>
      <UnitOfMeasurePrice>5.49</UnitOfMeasurePrice>
      <AllowDiscount>0</AllowDiscount>
      <itemStatus>1</itemStatus>
      <LastUpdateDate />
      <LastUpdateTime />
    </Product>
    <Product>
      <PriceUpdateDate>2017/03/05 09:32</PriceUpdateDate>
      <ItemCode>364773</ItemCode>
      <ItemType>0</ItemType>
      <ItemName>נקנקיות עוף טירת צבי במשקל</ItemName>
      <ManufactureName>תנובה בשר</ManufactureName>
      <ManufactureCountry />
      <ManufactureItemDescription />
      <UnitQty>ק"ג</UnitQty>
      <Quantity>1</Quantity>
      <UnitMeasure>ק"ג</UnitMeasure>
      <BisWeighted>1</BisWeighted>
      <QtyInPackage>1</QtyInPackage>
      <ItemPrice>24.90</ItemPrice>
      <UnitOfMeasurePrice>24.90</UnitOfMeasurePrice>
      <AllowDiscount>0</AllowDiscount>
      <itemStatus>1</itemStatus>
      <LastUpdateDate />
      <LastUpdateTime />
    </Product>
    <Product>
      <PriceUpdateDate>2013/12/11 15:42</PriceUpdateDate>
      <ItemCode>7290000364872</ItemCode>
      <ItemType>1</ItemType>
      <ItemName>נקניקיות עוף 400 גרם טירת צבי</ItemName>
      <ManufactureName>תנובה בשר</ManufactureName>
      <ManufactureCountry />
      <ManufactureItemDescription />
      <UnitQty>י"ח</UnitQty>
      <Quantity>400</Quantity>
      <UnitMeasure>ל  גרם</UnitMeasure>
      <BisWeighted>0</BisWeighted>
      <QtyInPackage>1</QtyInPackage>
      <ItemPrice>15</ItemPrice>
      <UnitOfMeasurePrice>3.75</UnitOfMeasurePrice>
      <AllowDiscount>0</AllowDiscount>
      <itemStatus>1</itemStatus>
      <LastUpdateDate />
      <LastUpdateTime />
    </Product>
    <Product>
      <PriceUpdateDate>2018/06/10 10:48</PriceUpdateDate>
      <ItemCode>365046</ItemCode>
      <ItemType>0</ItemType>
      <ItemName>כתף בקר מעושן משקל {טירת צבי}</ItemName>
      <ManufactureName>תנובה בשר</ManufactureName>
      <ManufactureCountry />
      <ManufactureItemDescription />
      <UnitQty>ק"ג</UnitQty>
      <Quantity>1</Quantity>
      <UnitMeasure />
      <BisWeighted>1</BisWeighted>
      <QtyInPackage>1</QtyInPackage>
      <ItemPrice>99.90</ItemPrice>
      <UnitOfMeasurePrice>99.90</UnitOfMeasurePrice>
      <AllowDiscount>0</AllowDiscount>
      <itemStatus>1</itemStatus>
      <LastUpdateDate />
      <LastUpdateTime />
    </Product>
    <Product>
      <PriceUpdateDate>2018/06/10 10:49</PriceUpdateDate>
      <ItemCode>7290000365107</ItemCode>
      <ItemType>1</ItemType>
      <ItemName>כתף בקר מפולפל {טירת צבי}</ItemName>
      <ManufactureName>תנובה בשר</ManufactureName>
      <ManufactureCountry />
      <ManufactureItemDescription />
      <UnitQty>ק"ג</UnitQty>
      <Quantity>1</Quantity>
      <UnitMeasure />
      <BisWeighted>1</BisWeighted>
      <QtyInPackage>1</QtyInPackage>
      <ItemPrice>99.90</ItemPrice>
      <UnitOfMeasurePrice>99.90</UnitOfMeasurePrice>
      <AllowDiscount>0</AllowDiscount>
      <itemStatus>1</itemStatus>
      <LastUpdateDate />
      <LastUpdateTime />
    </Product>
    <Product>
      <PriceUpdateDate>2018/06/10 10:46</PriceUpdateDate>
      <ItemCode>7290000365398</ItemCode>
      <ItemType>1</ItemType>
      <ItemName>חזה הודו בדבש</ItemName>
      <ManufactureName>תנובה בשר</ManufactureName>
      <ManufactureCountry />
      <ManufactureItemDescription />
      <UnitQty>ק"ג</UnitQty>
      <Quantity>1</Quantity>
      <UnitMeasure />
      <BisWeighted>1</BisWeighted>
      <QtyInPackage>1</QtyInPackage>
      <ItemPrice>84.90</ItemPrice>
      <UnitOfMeasurePrice>84.90</UnitOfMeasurePrice>
      <AllowDiscount>0</AllowDiscount>
      <itemStatus>1</itemStatus>
      <LastUpdateDate />
      <LastUpdateTime />
    </Product>
    <Product>
      <PriceUpdateDate>2013/12/03 14:00</PriceUpdateDate>
      <ItemCode>7290000377209</ItemCode>
      <ItemType>1</ItemType>
      <ItemName>בוטן מטוגן 200 גר</ItemName>
      <ManufactureName>ליימן שליסל</ManufactureName>
      <ManufactureCountry />
      <ManufactureItemDescription />
      <UnitQty>י"ח</UnitQty>
      <Quantity>200</Quantity>
      <UnitMeasure>ל  גרם</UnitMeasure>
      <BisWeighted>0</BisWeighted>
      <QtyInPackage>1</QtyInPackage>
      <ItemPrice>6.90</ItemPrice>
      <UnitOfMeasurePrice>3.45</UnitOfMeasurePrice>
      <AllowDiscount>0</AllowDiscount>
      <itemStatus>1</itemStatus>
      <LastUpdateDate />
      <LastUpdateTime />
    </Product>
    <Product>
      <PriceUpdateDate>2015/12/08 14:16</PriceUpdateDate>
      <ItemCode>7290000377452</ItemCode>
      <ItemType>1</ItemType>
      <ItemName>גרעיני אבטיח 200 גרם</ItemName>
      <ManufactureName>ליימן שליסל</ManufactureName>
      <ManufactureCountry />
      <ManufactureItemDescription />
      <UnitQty>י"ח</UnitQty>
      <Quantity>200</Quantity>
      <UnitMeasure>ל  גרם</UnitMeasure>
      <BisWeighted>0</BisWeighted>
      <QtyInPackage>1</QtyInPackage>
      <ItemPrice>11.90</ItemPrice>
      <UnitOfMeasurePrice>5.95</UnitOfMeasurePrice>
      <AllowDiscount>0</AllowDiscount>
      <itemStatus>1</itemStatus>
      <LastUpdateDate />
      <LastUpdateTime />
    </Product>
    <Product>
      <PriceUpdateDate>2011/01/05 10:07</PriceUpdateDate>
      <ItemCode>379014</ItemCode>
      <ItemType>0</ItemType>
      <ItemName>פיתה רגילה אנג`ל</ItemName>
      <ManufactureName>שלמה א.אנג ל בעמ</ManufactureName>
      <ManufactureCountry />
      <ManufactureItemDescription />
      <UnitQty>י"ח</UnitQty>
      <Quantity>80</Quantity>
      <UnitMeasure>ל  גרם</UnitMeasure>
      <BisWeighted>0</BisWeighted>
      <QtyInPackage>1</QtyInPackage>
      <ItemPrice>1.10</ItemPrice>
      <UnitOfMeasurePrice>1.38</UnitOfMeasurePrice>
      <AllowDiscount>0</AllowDiscount>
      <itemStatus>1</itemStatus>
      <LastUpdateDate />
      <LastUpdateTime />
    </Product>
    <Product>
      <PriceUpdateDate>2019/02/11 11:38</PriceUpdateDate>
      <ItemCode>7290000379104</ItemCode>
      <ItemType>1</ItemType>
      <ItemName>לחם אחיד פרוס אנג ל 750גרם  *</ItemName>
      <ManufactureName>שלמה א.אנג ל בעמ</ManufactureName>
      <ManufactureCountry />
      <ManufactureItemDescription />
      <UnitQty>י"ח</UnitQty>
      <Quantity>750</Quantity>
      <UnitMeasure>ל  גרם</UnitMeasure>
      <BisWeighted>0</BisWeighted>
      <QtyInPackage>1</QtyInPackage>
      <ItemPrice>6.80</ItemPrice>
      <UnitOfMeasurePrice>0.91</UnitOfMeasurePrice>
      <AllowDiscount>0</AllowDiscount>
      <itemStatus>1</itemStatus>
      <LastUpdateDate />
      <LastUpdateTime />
    </Product>
    <Product>
      <PriceUpdateDate>2017/12/27 10:51</PriceUpdateDate>
      <ItemCode>7290000379128</ItemCode>
      <ItemType>1</ItemType>
      <ItemName>חלה פרוסה</ItemName>
      <ManufactureName>שלמה א.אנג ל בעמ</ManufactureName>
      <ManufactureCountry />
      <ManufactureItemDescription />
      <UnitQty>י"ח</UnitQty>
      <Quantity>500</Quantity>
      <UnitMeasure>ל  גרם</UnitMeasure>
      <BisWeighted>0</BisWeighted>
      <QtyInPackage>1</QtyInPackage>
      <ItemPrice>9.10</ItemPrice>
      <UnitOfMeasurePrice>1.82</UnitOfMeasurePrice>
      <AllowDiscount>0</AllowDiscount>
      <itemStatus>1</itemStatus>
      <LastUpdateDate />
      <LastUpdateTime />
    </Product>
    <Product>
      <PriceUpdateDate>2017/11/05 14:36</PriceUpdateDate>
      <ItemCode>7290000379203</ItemCode>
      <ItemType>1</ItemType>
      <ItemName>עינן קל 500 גרם</ItemName>
      <ManufactureName>שלמה א.אנג ל בעמ</ManufactureName>
      <ManufactureCountry />
      <ManufactureItemDescription />
      <UnitQty>י"ח</UnitQty>
      <Quantity>500</Quantity>
      <UnitMeasure>ל  גרם</UnitMeasure>
      <BisWeighted>0</BisWeighted>
      <QtyInPackage>1</QtyInPackage>
      <ItemPrice>14.90</ItemPrice>
      <UnitOfMeasurePrice>2.98</UnitOfMeasurePrice>
      <AllowDiscount>1</AllowDiscount>
      <itemStatus>1</itemStatus>
      <LastUpdateDate />
      <LastUpdateTime />
    </Product>
    <Product>
      <PriceUpdateDate>2017/11/03 08:11</PriceUpdateDate>
      <ItemCode>379240</ItemCode>
      <ItemType>0</ItemType>
      <ItemName>חלה רגילה מרובעת  *</ItemName>
      <ManufactureName>שלמה א.אנג ל בעמ</ManufactureName>
      <ManufactureCountry />
      <ManufactureItemDescription />
      <UnitQty>י"ח</UnitQty>
      <Quantity>500</Quantity>
      <UnitMeasure>ל  גרם</UnitMeasure>
      <BisWeighted>0</BisWeighted>
      <QtyInPackage>1</QtyInPackage>
      <ItemPrice>4.90</ItemPrice>
      <UnitOfMeasurePrice>0.98</UnitOfMeasurePrice>
      <AllowDiscount>1</AllowDiscount>
      <itemStatus>1</itemStatus>
      <LastUpdateDate />
      <LastUpdateTime />
    </Product>
    <Product>
      <PriceUpdateDate>2020/04/27 13:33</PriceUpdateDate>
      <ItemCode>7290000379258</ItemCode>
      <ItemType>1</ItemType>
      <ItemName>חלה קונדיטוריה ארוזה אנגל</ItemName>
      <ManufactureName>שלמה א.אנג ל בעמ</ManufactureName>
      <ManufactureCountry />
      <ManufactureItemDescription />
      <UnitQty>י"ח</UnitQty>
      <Quantity>500</Quantity>
      <UnitMeasure>ל  גרם</UnitMeasure>
      <BisWeighted>0</BisWeighted>
      <QtyInPackage>1</QtyInPackage>
      <ItemPrice>14.90</ItemPrice>
      <UnitOfMeasurePrice>2.98</UnitOfMeasurePrice>
      <AllowDiscount>0</AllowDiscount>
      <itemStatus>1</itemStatus>
      <LastUpdateDate />
      <LastUpdateTime />
    </Product>
    <Product>
      <PriceUpdateDate>2013/12/31 13:41</PriceUpdateDate>
      <ItemCode>7290000379357</ItemCode>
      <ItemType>1</ItemType>
      <ItemName>חלה  קלה]אנגל[</ItemName>
      <ManufactureName>שלמה א.אנג ל בעמ</ManufactureName>
      <ManufactureCountry />
      <ManufactureItemDescription />
      <UnitQty>י"ח</UnitQty>
      <Quantity>500</Quantity>
      <UnitMeasure>ל  גרם</UnitMeasure>
      <BisWeighted>0</BisWeighted>
      <QtyInPackage>1</QtyInPackage>
      <ItemPrice>14</ItemPrice>
      <UnitOfMeasurePrice>2.80</UnitOfMeasurePrice>
      <AllowDiscount>0</AllowDiscount>
      <itemStatus>1</itemStatus>
      <LastUpdateDate />
      <LastUpdateTime />
    </Product>
    <Product>
      <PriceUpdateDate>2013/12/23 19:20</PriceUpdateDate>
      <ItemCode>7290000379432</ItemCode>
      <ItemType>1</ItemType>
      <ItemName>לחמניה 75 גרם</ItemName>
      <ManufactureName>שלמה א.אנג ל בעמ</ManufactureName>
      <ManufactureCountry />
      <ManufactureItemDescription />
      <UnitQty>י"ח</UnitQty>
      <Quantity>75</Quantity>
      <UnitMeasure>ל  גרם</UnitMeasure>
      <BisWeighted>0</BisWeighted>
      <QtyInPackage>1</QtyInPackage>
      <ItemPrice>1.70</ItemPrice>
      <UnitOfMeasurePrice>2.27</UnitOfMeasurePrice>
      <AllowDiscount>1</AllowDiscount>
      <itemStatus>1</itemStatus>
      <LastUpdateDate />
      <LastUpdateTime />
    </Product>
    <Product>
      <PriceUpdateDate>2013/12/23 19:35</PriceUpdateDate>
      <ItemCode>7290000379579</ItemCode>
      <ItemType>1</ItemType>
      <ItemName>לחמניה המבורגר ג מבו</ItemName>
      <ManufactureName>שלמה א.אנג ל בעמ</ManufactureName>
      <ManufactureCountry />
      <ManufactureItemDescription />
      <UnitQty>י"ח</UnitQty>
      <Quantity>1</Quantity>
      <UnitMeasure />
      <BisWeighted>0</BisWeighted>
      <QtyInPackage>1</QtyInPackage>
      <ItemPrice>3.30</ItemPrice>
      <UnitOfMeasurePrice>3.30</UnitOfMeasurePrice>
      <AllowDiscount>1</AllowDiscount>
      <itemStatus>1</itemStatus>
      <LastUpdateDate />
      <LastUpdateTime />
    </Product>
    <Product>
      <PriceUpdateDate>2018/05/31 15:30</PriceUpdateDate>
      <ItemCode>7290000379678</ItemCode>
      <ItemType>1</ItemType>
      <ItemName>חצי חלה צמה</ItemName>
      <ManufactureName>שלמה א.אנג ל בעמ</ManufactureName>
      <ManufactureCountry />
      <ManufactureItemDescription />
      <UnitQty>י"ח</UnitQty>
      <Quantity>500</Quantity>
      <UnitMeasure>ל  גרם</UnitMeasure>
      <BisWeighted>0</BisWeighted>
      <QtyInPackage>1</QtyInPackage>
      <ItemPrice>5.20</ItemPrice>
      <UnitOfMeasurePrice>1.04</UnitOfMeasurePrice>
      <AllowDiscount>1</AllowDiscount>
      <itemStatus>1</itemStatus>
      <LastUpdateDate />
      <LastUpdateTime />
    </Product>
    <Product>
      <PriceUpdateDate>2014/01/16 18:01</PriceUpdateDate>
      <ItemCode>400100</ItemCode>
      <ItemType>0</ItemType>
      <ItemName>סה"כ עבר לכספר</ItemName>
      <ManufactureName>שונות /שרות</ManufactureName>
      <ManufactureCountry />
      <ManufactureItemDescription />
      <UnitQty>י"ח</UnitQty>
      <Quantity>250</Quantity>
      <UnitMeasure>ל  מ"ל</UnitMeasure>
      <BisWeighted>0</BisWeighted>
      <QtyInPackage>1</QtyInPackage>
      <ItemPrice>0.10</ItemPrice>
      <UnitOfMeasurePrice>0.04</UnitOfMeasurePrice>
      <AllowDiscount>0</AllowDiscount>
      <itemStatus>1</itemStatus>
      <LastUpdateDate />
      <LastUpdateTime />
    </Product>
    <Product>
      <PriceUpdateDate>2020/01/13 11:23</PriceUpdateDate>
      <ItemCode>407197</ItemCode>
      <ItemType>0</ItemType>
      <ItemName>בשר בקר טחון טרי/מצונן יבוא)**</ItemName>
      <ManufactureName>ח.י. מעדני גורמה בעמ</ManufactureName>
      <ManufactureCountry />
      <ManufactureItemDescription />
      <UnitQty>ק"ג</UnitQty>
      <Quantity>1</Quantity>
      <UnitMeasure />
      <BisWeighted>1</BisWeighted>
      <QtyInPackage>1</QtyInPackage>
      <ItemPrice>31</ItemPrice>
      <UnitOfMeasurePrice>31</UnitOfMeasurePrice>
      <AllowDiscount>1</AllowDiscount>
      <itemStatus>1</itemStatus>
      <LastUpdateDate />
      <LastUpdateTime />
    </Product>
    <Product>
      <PriceUpdateDate>2019/07/02 13:43</PriceUpdateDate>
      <ItemCode>7290000408316</ItemCode>
      <ItemType>1</ItemType>
      <ItemName>דנונה יוגורט טבעי</ItemName>
      <ManufactureName>שטראוס גרופ ***בעמ</ManufactureName>
      <ManufactureCountry />
      <ManufactureItemDescription />
      <UnitQty>י"ח</UnitQty>
      <Quantity>200</Quantity>
      <UnitMeasure>ל  מ"ל</UnitMeasure>
      <BisWeighted>0</BisWeighted>
      <QtyInPackage>1</QtyInPackage>
      <ItemPrice>3.50</ItemPrice>
      <UnitOfMeasurePrice>1.75</UnitOfMeasurePrice>
      <AllowDiscount>0</AllowDiscount>
      <itemStatus>1</itemStatus>
      <LastUpdateDate />
      <LastUpdateTime />
    </Product>
    <Product>
      <PriceUpdateDate>2019/04/22 09:23</PriceUpdateDate>
      <ItemCode>7290000416021</ItemCode>
      <ItemType>1</ItemType>
      <ItemName>ממרח שחר 500 חלבי</ItemName>
      <ManufactureName>השחר העולה תעשית ממתקים</ManufactureName>
      <ManufactureCountry />
      <ManufactureItemDescription />
      <UnitQty>י"ח</UnitQty>
      <Quantity>500</Quantity>
      <UnitMeasure>ל  גרם</UnitMeasure>
      <BisWeighted>0</BisWeighted>
      <QtyInPackage>1</QtyInPackage>
      <ItemPrice>13.90</ItemPrice>
      <UnitOfMeasurePrice>2.78</UnitOfMeasurePrice>
      <AllowDiscount>1</AllowDiscount>
      <itemStatus>1</itemStatus>
      <LastUpdateDate />
      <LastUpdateTime />
    </Product>
    <Product>
      <PriceUpdateDate>2019/02/19 13:23</PriceUpdateDate>
      <ItemCode>7290000416076</ItemCode>
      <ItemType>1</ItemType>
      <ItemName>צימקאו שוקולד לבישול</ItemName>
      <ManufactureName>השחר העולה תעשית ממתקים</ManufactureName>
      <ManufactureCountry />
      <ManufactureItemDescription />
      <UnitQty>י"ח</UnitQty>
      <Quantity>400</Quantity>
      <UnitMeasure>ל  גרם</UnitMeasure>
      <BisWeighted>0</BisWeighted>
      <QtyInPackage>1</QtyInPackage>
      <ItemPrice>12.90</ItemPrice>
      <UnitOfMeasurePrice>3.23</UnitOfMeasurePrice>
      <AllowDiscount>0</AllowDiscount>
      <itemStatus>1</itemStatus>
      <LastUpdateDate />
      <LastUpdateTime />
    </Product>
    <Product>
      <PriceUpdateDate>2018/11/13 16:49</PriceUpdateDate>
      <ItemCode>416151</ItemCode>
      <ItemType>0</ItemType>
      <ItemName>ממרח אגוזי לוז עם קקאו פרווה בד"ץ 350ג</ItemName>
      <ManufactureName>השחר העולה תעשית ממתקים</ManufactureName>
      <ManufactureCountry />
      <ManufactureItemDescription />
      <UnitQty>י"ח</UnitQty>
      <Quantity>350</Quantity>
      <UnitMeasure>ל  גרם</UnitMeasure>
      <BisWeighted>0</BisWeighted>
      <QtyInPackage>1</QtyInPackage>
      <ItemPrice>15.90</ItemPrice>
      <UnitOfMeasurePrice>4.54</UnitOfMeasurePrice>
      <AllowDiscount>0</AllowDiscount>
      <itemStatus>1</itemStatus>
      <LastUpdateDate />
      <LastUpdateTime />
    </Product>
    <Product>
      <PriceUpdateDate>2019/04/22 09:23</PriceUpdateDate>
      <ItemCode>7290000416618</ItemCode>
      <ItemType>1</ItemType>
      <ItemName>ממרח שחר בד"צ} {400</ItemName>
      <ManufactureName>השחר העולה תעשית ממתקים</ManufactureName>
      <ManufactureCountry />
      <ManufactureItemDescription />
      <UnitQty>י"ח</UnitQty>
      <Quantity>400</Quantity>
      <UnitMeasure>ל  גרם</UnitMeasure>
      <BisWeighted>0</BisWeighted>
      <QtyInPackage>1</QtyInPackage>
      <ItemPrice>12.90</ItemPrice>
      <UnitOfMeasurePrice>3.23</UnitOfMeasurePrice>
      <AllowDiscount>0</AllowDiscount>
      <itemStatus>1</itemStatus>
      <LastUpdateDate />
      <LastUpdateTime />
    </Product>
    <Product>
      <PriceUpdateDate>2019/04/14 12:28</PriceUpdateDate>
      <ItemCode>7290000416632</ItemCode>
      <ItemType>1</ItemType>
      <ItemName>ממרח שחר פרווה 1 ק"ג</ItemName>
      <ManufactureName>השחר העולה תעשית ממתקים</ManufactureName>
      <ManufactureCountry />
      <ManufactureItemDescription />
      <UnitQty>י"ח</UnitQty>
      <Quantity>1</Quantity>
      <UnitMeasure>מטר</UnitMeasure>
      <BisWeighted>0</BisWeighted>
      <QtyInPackage>1</QtyInPackage>
      <ItemPrice>24.90</ItemPrice>
      <UnitOfMeasurePrice>24.90</UnitOfMeasurePrice>
      <AllowDiscount>0</AllowDiscount>
      <itemStatus>1</itemStatus>
      <LastUpdateDate />
      <LastUpdateTime />
    </Product>
    <Product>
      <PriceUpdateDate>2018/06/13 10:43</PriceUpdateDate>
      <ItemCode>416809</ItemCode>
      <ItemType>0</ItemType>
      <ItemName>ממרח שחר חצי חצי מובחר למריחה 350 חלבי</ItemName>
      <ManufactureName>השחר העולה תעשית ממתקים</ManufactureName>
      <ManufactureCountry />
      <ManufactureItemDescription />
      <UnitQty>י"ח</UnitQty>
      <Quantity>350</Quantity>
      <UnitMeasure>ל  גרם</UnitMeasure>
      <BisWeighted>0</BisWeighted>
      <QtyInPackage>1</QtyInPackage>
      <ItemPrice>12.90</ItemPrice>
      <UnitOfMeasurePrice>3.69</UnitOfMeasurePrice>
      <AllowDiscount>0</AllowDiscount>
      <itemStatus>1</itemStatus>
      <LastUpdateDate />
      <LastUpdateTime />
    </Product>
    <Product>
      <PriceUpdateDate>2019/02/19 13:23</PriceUpdateDate>
      <ItemCode>7290000416854</ItemCode>
      <ItemType>1</ItemType>
      <ItemName>אבקת קקאו 150 גרם</ItemName>
      <ManufactureName>השחר העולה תעשית ממתקים</ManufactureName>
      <ManufactureCountry />
      <ManufactureItemDescription />
      <UnitQty>י"ח</UnitQty>
      <Quantity>500</Quantity>
      <UnitMeasure>ל  גרם</UnitMeasure>
      <BisWeighted>0</BisWeighted>
      <QtyInPackage>1</QtyInPackage>
      <ItemPrice>10.90</ItemPrice>
      <UnitOfMeasurePrice>2.18</UnitOfMeasurePrice>
      <AllowDiscount>0</AllowDiscount>
      <itemStatus>1</itemStatus>
      <LastUpdateDate />
      <LastUpdateTime />
    </Product>
    <Product>
      <PriceUpdateDate>2015/08/10 15:34</PriceUpdateDate>
      <ItemCode>7290000420325</ItemCode>
      <ItemType>1</ItemType>
      <ItemName>פופ סטאר פופקורן  טבעי  500גרם</ItemName>
      <ManufactureName>דנשר (1963) בעמ</ManufactureName>
      <ManufactureCountry />
      <ManufactureItemDescription />
      <UnitQty>י"ח</UnitQty>
      <Quantity>500</Quantity>
      <UnitMeasure>ל  גרם</UnitMeasure>
      <BisWeighted>0</BisWeighted>
      <QtyInPackage>1</QtyInPackage>
      <ItemPrice>13.90</ItemPrice>
      <UnitOfMeasurePrice>2.78</UnitOfMeasurePrice>
      <AllowDiscount>0</AllowDiscount>
      <itemStatus>1</itemStatus>
      <LastUpdateDate />
      <LastUpdateTime />
    </Product>
    <Product>
      <PriceUpdateDate>2015/08/10 15:34</PriceUpdateDate>
      <ItemCode>7290000420332</ItemCode>
      <ItemType>1</ItemType>
      <ItemName>פופ סטאר פופקורן בטעם חמאה 500גר</ItemName>
      <ManufactureName>דנשר (1963) בעמ</ManufactureName>
      <ManufactureCountry />
      <ManufactureItemDescription />
      <UnitQty>י"ח</UnitQty>
      <Quantity>500</Quantity>
      <UnitMeasure>ל  גרם</UnitMeasure>
      <BisWeighted>0</BisWeighted>
      <QtyInPackage>1</QtyInPackage>
      <ItemPrice>13.90</ItemPrice>
      <UnitOfMeasurePrice>2.78</UnitOfMeasurePrice>
      <AllowDiscount>0</AllowDiscount>
      <itemStatus>1</itemStatus>
      <LastUpdateDate />
      <LastUpdateTime />
    </Product>
    <Product>
      <PriceUpdateDate>2015/06/07 12:46</PriceUpdateDate>
      <ItemCode>7290000432335</ItemCode>
      <ItemType>1</ItemType>
      <ItemName>נר זכרון כוס 72</ItemName>
      <ManufactureName>פאלאס תעשיות נטו (2014) בעמ</ManufactureName>
      <ManufactureCountry />
      <ManufactureItemDescription />
      <UnitQty>י"ח</UnitQty>
      <Quantity>1</Quantity>
      <UnitMeasure />
      <BisWeighted>0</BisWeighted>
      <QtyInPackage>1</QtyInPackage>
      <ItemPrice>5.50</ItemPrice>
      <UnitOfMeasurePrice>5.50</UnitOfMeasurePrice>
      <AllowDiscount>0</AllowDiscount>
      <itemStatus>1</itemStatus>
      <LastUpdateDate />
      <LastUpdateTime />
    </Product>
    <Product>
      <PriceUpdateDate>2013/01/21 19:40</PriceUpdateDate>
      <ItemCode>7290000432359</ItemCode>
      <ItemType>1</ItemType>
      <ItemName>נר נשמה שבועי</ItemName>
      <ManufactureName>פאלאס תעשיות נטו (2014) בעמ</ManufactureName>
      <ManufactureCountry />
      <ManufactureItemDescription />
      <UnitQty>י"ח</UnitQty>
      <Quantity>1</Quantity>
      <UnitMeasure />
      <BisWeighted>0</BisWeighted>
      <QtyInPackage>1</QtyInPackage>
      <ItemPrice>11.10</ItemPrice>
      <UnitOfMeasurePrice>11.10</UnitOfMeasurePrice>
      <AllowDiscount>0</AllowDiscount>
      <itemStatus>1</itemStatus>
      <LastUpdateDate />
      <LastUpdateTime />
    </Product>
    <Product>
      <PriceUpdateDate>2018/12/14 11:34</PriceUpdateDate>
      <ItemCode>7290000433684</ItemCode>
      <ItemType>1</ItemType>
      <ItemName>פפסי 1.5 ליטר</ItemName>
      <ManufactureName>טמפו משקאות בעמ</ManufactureName>
      <ManufactureCountry />
      <ManufactureItemDescription />
      <UnitQty>י"ח</UnitQty>
      <Quantity>150</Quantity>
      <UnitMeasure>ל  מ"ל</UnitMeasure>
      <BisWeighted>0</BisWeighted>
      <QtyInPackage>1</QtyInPackage>
      <ItemPrice>5.50</ItemPrice>
      <UnitOfMeasurePrice>3.67</UnitOfMeasurePrice>
      <AllowDiscount>1</AllowDiscount>
      <itemStatus>1</itemStatus>
      <LastUpdateDate />
      <LastUpdateTime />
    </Product>
    <Product>
      <PriceUpdateDate>2018/12/14 11:34</PriceUpdateDate>
      <ItemCode>7290000433714</ItemCode>
      <ItemType>1</ItemType>
      <ItemName>סבן אפ 1.5 ליטר</ItemName>
      <ManufactureName>טמפו משקאות בעמ</ManufactureName>
      <ManufactureCountry />
      <ManufactureItemDescription />
      <UnitQty>י"ח</UnitQty>
      <Quantity>1.50</Quantity>
      <UnitMeasure>ליטר</UnitMeasure>
      <BisWeighted>0</BisWeighted>
      <QtyInPackage>1</QtyInPackage>
      <ItemPrice>5.50</ItemPrice>
      <UnitOfMeasurePrice>3.67</UnitOfMeasurePrice>
      <AllowDiscount>1</AllowDiscount>
      <itemStatus>1</itemStatus>
      <LastUpdateDate />
      <LastUpdateTime />
    </Product>
    <Product>
      <PriceUpdateDate>2018/12/14 11:34</PriceUpdateDate>
      <ItemCode>7290000433745</ItemCode>
      <ItemType>1</ItemType>
      <ItemName>מירנדה 1.5 ליטר</ItemName>
      <ManufactureName>טמפו משקאות בעמ</ManufactureName>
      <ManufactureCountry />
      <ManufactureItemDescription />
      <UnitQty>י"ח</UnitQty>
      <Quantity>1.50</Quantity>
      <UnitMeasure>ליטר</UnitMeasure>
      <BisWeighted>0</BisWeighted>
      <QtyInPackage>1</QtyInPackage>
      <ItemPrice>5.50</ItemPrice>
      <UnitOfMeasurePrice>3.67</UnitOfMeasurePrice>
      <AllowDiscount>1</AllowDiscount>
      <itemStatus>1</itemStatus>
      <LastUpdateDate />
      <LastUpdateTime />
    </Product>
    <Product>
      <PriceUpdateDate>2018/12/14 11:34</PriceUpdateDate>
      <ItemCode>7290000433899</ItemCode>
      <ItemType>1</ItemType>
      <ItemName>7-UP דיאט  1.5 ליטר</ItemName>
      <ManufactureName>טמפו משקאות בעמ</ManufactureName>
      <ManufactureCountry />
      <ManufactureItemDescription />
      <UnitQty>י"ח</UnitQty>
      <Quantity>1.50</Quantity>
      <UnitMeasure>ליטר</UnitMeasure>
      <BisWeighted>0</BisWeighted>
      <QtyInPackage>1</QtyInPackage>
      <ItemPrice>5.50</ItemPrice>
      <UnitOfMeasurePrice>3.67</UnitOfMeasurePrice>
      <AllowDiscount>1</AllowDiscount>
      <itemStatus>1</itemStatus>
      <LastUpdateDate />
      <LastUpdateTime />
    </Product>
    <Product>
      <PriceUpdateDate>2018/12/14 11:34</PriceUpdateDate>
      <ItemCode>7290000433974</ItemCode>
      <ItemType>1</ItemType>
      <ItemName>פפסי מקס 1.5 ליטר</ItemName>
      <ManufactureName>טמפו משקאות בעמ</ManufactureName>
      <ManufactureCountry />
      <ManufactureItemDescription />
      <UnitQty>י"ח</UnitQty>
      <Quantity>1.50</Quantity>
      <UnitMeasure>ליטר</UnitMeasure>
      <BisWeighted>0</BisWeighted>
      <QtyInPackage>1</QtyInPackage>
      <ItemPrice>5.70</ItemPrice>
      <UnitOfMeasurePrice>3.80</UnitOfMeasurePrice>
      <AllowDiscount>0</AllowDiscount>
      <itemStatus>1</itemStatus>
      <LastUpdateDate />
      <LastUpdateTime />
    </Product>
    <Product>
      <PriceUpdateDate>2013/12/03 13:31</PriceUpdateDate>
      <ItemCode>7290000446110</ItemCode>
      <ItemType>1</ItemType>
      <ItemName>פריכיות עם מלח</ItemName>
      <ManufactureName>בטר אנד דיפרנט בעמ</ManufactureName>
      <ManufactureCountry />
      <ManufactureItemDescription />
      <UnitQty>י"ח</UnitQty>
      <Quantity>1</Quantity>
      <UnitMeasure />
      <BisWeighted>0</BisWeighted>
      <QtyInPackage>1</QtyInPackage>
      <ItemPrice>4.50</ItemPrice>
      <UnitOfMeasurePrice>4.50</UnitOfMeasurePrice>
      <AllowDiscount>0</AllowDiscount>
      <itemStatus>1</itemStatus>
      <LastUpdateDate />
      <LastUpdateTime />
    </Product>
    <Product>
      <PriceUpdateDate>2013/12/03 13:31</PriceUpdateDate>
      <ItemCode>7290000446127</ItemCode>
      <ItemType>1</ItemType>
      <ItemName>פרכיות ללא מלח</ItemName>
      <ManufactureName>בטר אנד דיפרנט בעמ</ManufactureName>
      <ManufactureCountry />
      <ManufactureItemDescription />
      <UnitQty>י"ח</UnitQty>
      <Quantity>1</Quantity>
      <UnitMeasure />
      <BisWeighted>0</BisWeighted>
      <QtyInPackage>1</QtyInPackage>
      <ItemPrice>4.50</ItemPrice>
      <UnitOfMeasurePrice>4.50</UnitOfMeasurePrice>
      <AllowDiscount>0</AllowDiscount>
      <itemStatus>1</itemStatus>
      <LastUpdateDate />
      <LastUpdateTime />
    </Product>
    <Product>
      <PriceUpdateDate>2018/07/04 09:49</PriceUpdateDate>
      <ItemCode>7290000446523</ItemCode>
      <ItemType>1</ItemType>
      <ItemName>חמאת בוטנים B D</ItemName>
      <ManufactureName>בטר אנד דיפרנט בעמ</ManufactureName>
      <ManufactureCountry />
      <ManufactureItemDescription />
      <UnitQty>י"ח</UnitQty>
      <Quantity>350</Quantity>
      <UnitMeasure>ל  גרם</UnitMeasure>
      <BisWeighted>0</BisWeighted>
      <QtyInPackage>1</QtyInPackage>
      <ItemPrice>13.90</ItemPrice>
      <UnitOfMeasurePrice>3.97</UnitOfMeasurePrice>
      <AllowDiscount>0</AllowDiscount>
      <itemStatus>1</itemStatus>
      <LastUpdateDate />
      <LastUpdateTime />
    </Product>
    <Product>
      <PriceUpdateDate>2016/09/27 08:55</PriceUpdateDate>
      <ItemCode>7290000450209</ItemCode>
      <ItemType>1</ItemType>
      <ItemName>פוסידון 110 גר  בשמן</ItemName>
      <ManufactureName>נטו מלינדה סחר בעמ</ManufactureName>
      <ManufactureCountry />
      <ManufactureItemDescription />
      <UnitQty>י"ח</UnitQty>
      <Quantity>110</Quantity>
      <UnitMeasure>ל  גרם</UnitMeasure>
      <BisWeighted>0</BisWeighted>
      <QtyInPackage>1</QtyInPackage>
      <ItemPrice>5.90</ItemPrice>
      <UnitOfMeasurePrice>5.36</UnitOfMeasurePrice>
      <AllowDiscount>0</AllowDiscount>
      <itemStatus>1</itemStatus>
      <LastUpdateDate />
      <LastUpdateTime />
    </Product>
    <Product>
      <PriceUpdateDate>2017/04/18 12:39</PriceUpdateDate>
      <ItemCode>7290000453019</ItemCode>
      <ItemType>1</ItemType>
      <ItemName>שמרית שקית</ItemName>
      <ManufactureName>שטראוס גרופ ***בעמ</ManufactureName>
      <ManufactureCountry />
      <ManufactureItemDescription />
      <UnitQty>י"ח</UnitQty>
      <Quantity>50</Quantity>
      <UnitMeasure>ל  גרם</UnitMeasure>
      <BisWeighted>0</BisWeighted>
      <QtyInPackage>1</QtyInPackage>
      <ItemPrice>4.60</ItemPrice>
      <UnitOfMeasurePrice>9.20</UnitOfMeasurePrice>
      <AllowDiscount>0</AllowDiscount>
      <itemStatus>1</itemStatus>
      <LastUpdateDate />
      <LastUpdateTime />
    </Product>
    <Product>
      <PriceUpdateDate>2018/10/10 18:04</PriceUpdateDate>
      <ItemCode>453385</ItemCode>
      <ItemType>0</ItemType>
      <ItemName>שמרים יבשים פאקא אינסטנט שקית 500גר</ItemName>
      <ManufactureName>שטראוס גרופ בעמ</ManufactureName>
      <ManufactureCountry />
      <ManufactureItemDescription />
      <UnitQty>י"ח</UnitQty>
      <Quantity>500</Quantity>
      <UnitMeasure>ל  גרם</UnitMeasure>
      <BisWeighted>0</BisWeighted>
      <QtyInPackage>1</QtyInPackage>
      <ItemPrice>12.90</ItemPrice>
      <UnitOfMeasurePrice>2.58</UnitOfMeasurePrice>
      <AllowDiscount>0</AllowDiscount>
      <itemStatus>1</itemStatus>
      <LastUpdateDate />
      <LastUpdateTime />
    </Product>
    <Product>
      <PriceUpdateDate>2019/08/25 07:40</PriceUpdateDate>
      <ItemCode>453408</ItemCode>
      <ItemType>0</ItemType>
      <ItemName>בצק פיצה דק ומוכן לאפיה שמרית 415גר</ItemName>
      <ManufactureName>שטראוס גרופ ***בעמ</ManufactureName>
      <ManufactureCountry />
      <ManufactureItemDescription />
      <UnitQty>י"ח</UnitQty>
      <Quantity>415</Quantity>
      <UnitMeasure>ל  גרם</UnitMeasure>
      <BisWeighted>0</BisWeighted>
      <QtyInPackage>1</QtyInPackage>
      <ItemPrice>15.90</ItemPrice>
      <UnitOfMeasurePrice>3.83</UnitOfMeasurePrice>
      <AllowDiscount>0</AllowDiscount>
      <itemStatus>1</itemStatus>
      <LastUpdateDate />
      <LastUpdateTime />
    </Product>
    <Product>
      <PriceUpdateDate>2019/08/25 07:40</PriceUpdateDate>
      <ItemCode>453415</ItemCode>
      <ItemType>0</ItemType>
      <ItemName>בצק עלים מצונן ומוכן לאפיה שמרית 300גר</ItemName>
      <ManufactureName>שטראוס גרופ ***בעמ</ManufactureName>
      <ManufactureCountry />
      <ManufactureItemDescription />
      <UnitQty>י"ח</UnitQty>
      <Quantity>300</Quantity>
      <UnitMeasure>ל  גרם</UnitMeasure>
      <BisWeighted>0</BisWeighted>
      <QtyInPackage>1</QtyInPackage>
      <ItemPrice>14.90</ItemPrice>
      <UnitOfMeasurePrice>4.97</UnitOfMeasurePrice>
      <AllowDiscount>1</AllowDiscount>
      <itemStatus>1</itemStatus>
      <LastUpdateDate />
      <LastUpdateTime />
    </Product>
    <Product>
      <PriceUpdateDate>2018/10/22 10:43</PriceUpdateDate>
      <ItemCode>453781</ItemCode>
      <ItemType>0</ItemType>
      <ItemName>שמרים יבשים 125ג שמרית.</ItemName>
      <ManufactureName>שטראוס גרופ בעמ</ManufactureName>
      <ManufactureCountry />
      <ManufactureItemDescription />
      <UnitQty>י"ח</UnitQty>
      <Quantity>125</Quantity>
      <UnitMeasure>ל  גרם</UnitMeasure>
      <BisWeighted>0</BisWeighted>
      <QtyInPackage>1</QtyInPackage>
      <ItemPrice>6.90</ItemPrice>
      <UnitOfMeasurePrice>5.52</UnitOfMeasurePrice>
      <AllowDiscount>0</AllowDiscount>
      <itemStatus>1</itemStatus>
      <LastUpdateDate />
      <LastUpdateTime />
    </Product>
    <Product>
      <PriceUpdateDate>2016/07/05 13:29</PriceUpdateDate>
      <ItemCode>453798</ItemCode>
      <ItemType>0</ItemType>
      <ItemName>שמרים אקטיבים 500גר</ItemName>
      <ManufactureName>שטראוס גרופ בעמ</ManufactureName>
      <ManufactureCountry />
      <ManufactureItemDescription />
      <UnitQty>י"ח</UnitQty>
      <Quantity>500</Quantity>
      <UnitMeasure>ל  גרם</UnitMeasure>
      <BisWeighted>0</BisWeighted>
      <QtyInPackage>1</QtyInPackage>
      <ItemPrice>13.90</ItemPrice>
      <UnitOfMeasurePrice>2.78</UnitOfMeasurePrice>
      <AllowDiscount>0</AllowDiscount>
      <itemStatus>1</itemStatus>
      <LastUpdateDate />
      <LastUpdateTime />
    </Product>
    <Product>
      <PriceUpdateDate>2017/11/08 15:53</PriceUpdateDate>
      <ItemCode>453866</ItemCode>
      <ItemType>0</ItemType>
      <ItemName>נטורינה קוקוס  200גר</ItemName>
      <ManufactureName>שטראוס גרופ ***בעמ</ManufactureName>
      <ManufactureCountry />
      <ManufactureItemDescription />
      <UnitQty>י"ח</UnitQty>
      <Quantity>200</Quantity>
      <UnitMeasure>ל  גרם</UnitMeasure>
      <BisWeighted>0</BisWeighted>
      <QtyInPackage>1</QtyInPackage>
      <ItemPrice>7.50</ItemPrice>
      <UnitOfMeasurePrice>3.75</UnitOfMeasurePrice>
      <AllowDiscount>0</AllowDiscount>
      <itemStatus>1</itemStatus>
      <LastUpdateDate />
      <LastUpdateTime />
    </Product>
    <Product>
      <PriceUpdateDate>2017/07/11 13:17</PriceUpdateDate>
      <ItemCode>453897</ItemCode>
      <ItemType>0</ItemType>
      <ItemName>מרגרינה בטעם חמאה 200גר</ItemName>
      <ManufactureName>שטראוס גרופ ***בעמ</ManufactureName>
      <ManufactureCountry />
      <ManufactureItemDescription />
      <UnitQty>י"ח</UnitQty>
      <Quantity>200</Quantity>
      <UnitMeasure>ל  גרם</UnitMeasure>
      <BisWeighted>0</BisWeighted>
      <QtyInPackage>1</QtyInPackage>
      <ItemPrice>4.60</ItemPrice>
      <UnitOfMeasurePrice>2.30</UnitOfMeasurePrice>
      <AllowDiscount>0</AllowDiscount>
      <itemStatus>1</itemStatus>
      <LastUpdateDate />
      <LastUpdateTime />
    </Product>
    <Product>
      <PriceUpdateDate>2019/12/31 11:14</PriceUpdateDate>
      <ItemCode>7290000461625</ItemCode>
      <ItemType>1</ItemType>
      <ItemName>בייגלה ]400בייגל שמיניות מלוחות</ItemName>
      <ManufactureName>יוניליוור ישראל שיווק בעמ</ManufactureName>
      <ManufactureCountry />
      <ManufactureItemDescription />
      <UnitQty>י"ח</UnitQty>
      <Quantity>400</Quantity>
      <UnitMeasure>ל  גרם</UnitMeasure>
      <BisWeighted>0</BisWeighted>
      <QtyInPackage>1</QtyInPackage>
      <ItemPrice>9.90</ItemPrice>
      <UnitOfMeasurePrice>2.48</UnitOfMeasurePrice>
      <AllowDiscount>0</AllowDiscount>
      <itemStatus>1</itemStatus>
      <LastUpdateDate />
      <LastUpdateTime />
    </Product>
    <Product>
      <PriceUpdateDate>2018/07/18 10:32</PriceUpdateDate>
      <ItemCode>7290000462103</ItemCode>
      <ItemType>1</ItemType>
      <ItemName>סחוג אדום חריף זהבי 150 ג`</ItemName>
      <ManufactureName>שטראוס גרופ ***בעמ</ManufactureName>
      <ManufactureCountry />
      <ManufactureItemDescription />
      <UnitQty>י"ח</UnitQty>
      <Quantity>150</Quantity>
      <UnitMeasure>ל  גרם</UnitMeasure>
      <BisWeighted>0</BisWeighted>
      <QtyInPackage>1</QtyInPackage>
      <ItemPrice>7.90</ItemPrice>
      <UnitOfMeasurePrice>5.27</UnitOfMeasurePrice>
      <AllowDiscount>0</AllowDiscount>
      <itemStatus>1</itemStatus>
      <LastUpdateDate />
      <LastUpdateTime />
    </Product>
    <Product>
      <PriceUpdateDate>2018/07/18 10:31</PriceUpdateDate>
      <ItemCode>462141</ItemCode>
      <ItemType>0</ItemType>
      <ItemName>סחוג אדום חריף זהבי  150גר`</ItemName>
      <ManufactureName>שטראוס גרופ ***בעמ</ManufactureName>
      <ManufactureCountry />
      <ManufactureItemDescription />
      <UnitQty>י"ח</UnitQty>
      <Quantity>150</Quantity>
      <UnitMeasure>ל  גרם</UnitMeasure>
      <BisWeighted>0</BisWeighted>
      <QtyInPackage>1</QtyInPackage>
      <ItemPrice>7.90</ItemPrice>
      <UnitOfMeasurePrice>5.27</UnitOfMeasurePrice>
      <AllowDiscount>0</AllowDiscount>
      <itemStatus>1</itemStatus>
      <LastUpdateDate />
      <LastUpdateTime />
    </Product>
    <Product>
      <PriceUpdateDate>2018/07/18 10:32</PriceUpdateDate>
      <ItemCode>7290000462172</ItemCode>
      <ItemType>1</ItemType>
      <ItemName>סחוג זהבי ירוק 150ג</ItemName>
      <ManufactureName>שטראוס גרופ ***בעמ</ManufactureName>
      <ManufactureCountry />
      <ManufactureItemDescription />
      <UnitQty>י"ח</UnitQty>
      <Quantity>150</Quantity>
      <UnitMeasure>ל  גרם</UnitMeasure>
      <BisWeighted>0</BisWeighted>
      <QtyInPackage>1</QtyInPackage>
      <ItemPrice>7.90</ItemPrice>
      <UnitOfMeasurePrice>5.27</UnitOfMeasurePrice>
      <AllowDiscount>0</AllowDiscount>
      <itemStatus>1</itemStatus>
      <LastUpdateDate />
      <LastUpdateTime />
    </Product>
    <Product>
      <PriceUpdateDate>2019/12/04 14:54</PriceUpdateDate>
      <ItemCode>7290000463124</ItemCode>
      <ItemType>1</ItemType>
      <ItemName>זית מנסלינו</ItemName>
      <ManufactureName>קבוצת אוסם סחר-שות.מוגבלת</ManufactureName>
      <ManufactureCountry />
      <ManufactureItemDescription />
      <UnitQty>י"ח</UnitQty>
      <Quantity>560</Quantity>
      <UnitMeasure>ל  גרם</UnitMeasure>
      <BisWeighted>0</BisWeighted>
      <QtyInPackage>1</QtyInPackage>
      <ItemPrice>8.90</ItemPrice>
      <UnitOfMeasurePrice>1.59</UnitOfMeasurePrice>
      <AllowDiscount>0</AllowDiscount>
      <itemStatus>1</itemStatus>
      <LastUpdateDate />
      <LastUpdateTime />
    </Product>
    <Product>
      <PriceUpdateDate>2020/02/23 11:14</PriceUpdateDate>
      <ItemCode>7290000463438</ItemCode>
      <ItemType>1</ItemType>
      <ItemName>זית ירוק 17-19 צנצנת</ItemName>
      <ManufactureName>קבוצת אוסם סחר-שות.מוגבלת</ManufactureName>
      <ManufactureCountry />
      <ManufactureItemDescription />
      <UnitQty>י"ח</UnitQty>
      <Quantity>720</Quantity>
      <UnitMeasure>ל  גרם</UnitMeasure>
      <BisWeighted>0</BisWeighted>
      <QtyInPackage>1</QtyInPackage>
      <ItemPrice>13.90</ItemPrice>
      <UnitOfMeasurePrice>1.93</UnitOfMeasurePrice>
      <AllowDiscount>0</AllowDiscount>
      <itemStatus>1</itemStatus>
      <LastUpdateDate />
      <LastUpdateTime />
    </Product>
    <Product>
      <PriceUpdateDate>2020/02/23 11:14</PriceUpdateDate>
      <ItemCode>7290000463445</ItemCode>
      <ItemType>1</ItemType>
      <ItemName>חרוזית ירוקה צנצנת ביתהשי</ItemName>
      <ManufactureName>קבוצת אוסם סחר-שות.מוגבלת</ManufactureName>
      <ManufactureCountry />
      <ManufactureItemDescription />
      <UnitQty>י"ח</UnitQty>
      <Quantity>720</Quantity>
      <UnitMeasure>ל  גרם</UnitMeasure>
      <BisWeighted>0</BisWeighted>
      <QtyInPackage>1</QtyInPackage>
      <ItemPrice>12.90</ItemPrice>
      <UnitOfMeasurePrice>1.79</UnitOfMeasurePrice>
      <AllowDiscount>0</AllowDiscount>
      <itemStatus>1</itemStatus>
      <LastUpdateDate />
      <LastUpdateTime />
    </Product>
    <Product>
      <PriceUpdateDate>2014/06/30 10:42</PriceUpdateDate>
      <ItemCode>463889</ItemCode>
      <ItemType>0</ItemType>
      <ItemName>חרוזית עשבי תיבול</ItemName>
      <ManufactureName>קבוצת אוסם סחר-שות.מוגבלת</ManufactureName>
      <ManufactureCountry />
      <ManufactureItemDescription />
      <UnitQty>י"ח</UnitQty>
      <Quantity>560</Quantity>
      <UnitMeasure>ל  גרם</UnitMeasure>
      <BisWeighted>0</BisWeighted>
      <QtyInPackage>1</QtyInPackage>
      <ItemPrice>9.90</ItemPrice>
      <UnitOfMeasurePrice>1.77</UnitOfMeasurePrice>
      <AllowDiscount>0</AllowDiscount>
      <itemStatus>1</itemStatus>
      <LastUpdateDate />
      <LastUpdateTime />
    </Product>
    <Product>
      <PriceUpdateDate>2013/06/04 15:40</PriceUpdateDate>
      <ItemCode>464376</ItemCode>
      <ItemType>0</ItemType>
      <ItemName>מירנדה 330 מ"ל.</ItemName>
      <ManufactureName>טמפו משקאות בעמ</ManufactureName>
      <ManufactureCountry />
      <ManufactureItemDescription />
      <UnitQty>י"ח</UnitQty>
      <Quantity>330</Quantity>
      <UnitMeasure>ל  מ"ל</UnitMeasure>
      <BisWeighted>0</BisWeighted>
      <QtyInPackage>1</QtyInPackage>
      <ItemPrice>3.30</ItemPrice>
      <UnitOfMeasurePrice>0.91</UnitOfMeasurePrice>
      <AllowDiscount>1</AllowDiscount>
      <itemStatus>1</itemStatus>
      <LastUpdateDate />
      <LastUpdateTime />
    </Product>
    <Product>
      <PriceUpdateDate>2013/06/04 15:40</PriceUpdateDate>
      <ItemCode>7290008464383</ItemCode>
      <ItemType>1</ItemType>
      <ItemName>סבן אפ 330 מ"ל</ItemName>
      <ManufactureName>טמפו משקאות בעמ</ManufactureName>
      <ManufactureCountry />
      <ManufactureItemDescription />
      <UnitQty>י"ח</UnitQty>
      <Quantity>330</Quantity>
      <UnitMeasure>ל  מ"ל</UnitMeasure>
      <BisWeighted>0</BisWeighted>
      <QtyInPackage>1</QtyInPackage>
      <ItemPrice>3.30</ItemPrice>
      <UnitOfMeasurePrice>0.91</UnitOfMeasurePrice>
      <AllowDiscount>1</AllowDiscount>
      <itemStatus>1</itemStatus>
      <LastUpdateDate />
      <LastUpdateTime />
    </Product>
    <Product>
      <PriceUpdateDate>2020/01/09 09:17</PriceUpdateDate>
      <ItemCode>7290000464435</ItemCode>
      <ItemType>1</ItemType>
      <ItemName>חרוזית מושחר].A2בית שיטה[</ItemName>
      <ManufactureName>קבוצת אוסם סחר-שות.מוגבלת</ManufactureName>
      <ManufactureCountry />
      <ManufactureItemDescription />
      <UnitQty>י"ח</UnitQty>
      <Quantity>560</Quantity>
      <UnitMeasure>ל  גרם</UnitMeasure>
      <BisWeighted>0</BisWeighted>
      <QtyInPackage>1</QtyInPackage>
      <ItemPrice>9.90</ItemPrice>
      <UnitOfMeasurePrice>1.77</UnitOfMeasurePrice>
      <AllowDiscount>0</AllowDiscount>
      <itemStatus>1</itemStatus>
      <LastUpdateDate />
      <LastUpdateTime />
    </Product>
    <Product>
      <PriceUpdateDate>2018/03/25 16:48</PriceUpdateDate>
      <ItemCode>7290000464459</ItemCode>
      <ItemType>1</ItemType>
      <ItemName>קוקטייל זיתים]בית השיטה[</ItemName>
      <ManufactureName>קבוצת אוסם סחר-שות.מוגבלת</ManufactureName>
      <ManufactureCountry />
      <ManufactureItemDescription />
      <UnitQty>י"ח</UnitQty>
      <Quantity>560</Quantity>
      <UnitMeasure>ל  גרם</UnitMeasure>
      <BisWeighted>0</BisWeighted>
      <QtyInPackage>1</QtyInPackage>
      <ItemPrice>10.90</ItemPrice>
      <UnitOfMeasurePrice>1.95</UnitOfMeasurePrice>
      <AllowDiscount>0</AllowDiscount>
      <itemStatus>1</itemStatus>
      <LastUpdateDate />
      <LastUpdateTime />
    </Product>
    <Product>
      <PriceUpdateDate>2018/01/22 15:32</PriceUpdateDate>
      <ItemCode>7290008464468</ItemCode>
      <ItemType>1</ItemType>
      <ItemName>גולדסטאר פחית 500 מ"ל.</ItemName>
      <ManufactureName>טמפו משקאות בעמ</ManufactureName>
      <ManufactureCountry />
      <ManufactureItemDescription />
      <UnitQty>י"ח</UnitQty>
      <Quantity>500</Quantity>
      <UnitMeasure>ל  מ"ל</UnitMeasure>
      <BisWeighted>0</BisWeighted>
      <QtyInPackage>1</QtyInPackage>
      <ItemPrice>8.10</ItemPrice>
      <UnitOfMeasurePrice>1.56</UnitOfMeasurePrice>
      <AllowDiscount>1</AllowDiscount>
      <itemStatus>1</itemStatus>
      <LastUpdateDate />
      <LastUpdateTime />
    </Product>
    <Product>
      <PriceUpdateDate>2019/12/04 14:54</PriceUpdateDate>
      <ItemCode>465289</ItemCode>
      <ItemType>0</ItemType>
      <ItemName>זית מרחביה מב]בית שיטה[</ItemName>
      <ManufactureName>קבוצת אוסם סחר-שות.מוגבלת</ManufactureName>
      <ManufactureCountry />
      <ManufactureItemDescription />
      <UnitQty>י"ח</UnitQty>
      <Quantity>560</Quantity>
      <UnitMeasure>ל  גרם</UnitMeasure>
      <BisWeighted>0</BisWeighted>
      <QtyInPackage>1</QtyInPackage>
      <ItemPrice>8.90</ItemPrice>
      <UnitOfMeasurePrice>1.59</UnitOfMeasurePrice>
      <AllowDiscount>0</AllowDiscount>
      <itemStatus>1</itemStatus>
      <LastUpdateDate />
      <LastUpdateTime />
    </Product>
    <Product>
      <PriceUpdateDate>2019/12/09 14:24</PriceUpdateDate>
      <ItemCode>7290000466194</ItemCode>
      <ItemType>1</ItemType>
      <ItemName>מלפפון במלח .18-25בית שיטה[</ItemName>
      <ManufactureName>קבוצת אוסם סחר-שות.מוגבלת</ManufactureName>
      <ManufactureCountry />
      <ManufactureItemDescription />
      <UnitQty>י"ח</UnitQty>
      <Quantity>384</Quantity>
      <UnitMeasure>ל  גרם</UnitMeasure>
      <BisWeighted>0</BisWeighted>
      <QtyInPackage>1</QtyInPackage>
      <ItemPrice>11.90</ItemPrice>
      <UnitOfMeasurePrice>3.10</UnitOfMeasurePrice>
      <AllowDiscount>0</AllowDiscount>
      <itemStatus>1</itemStatus>
      <LastUpdateDate />
      <LastUpdateTime />
    </Product>
    <Product>
      <PriceUpdateDate>2020/02/23 11:14</PriceUpdateDate>
      <ItemCode>7290000466910</ItemCode>
      <ItemType>1</ItemType>
      <ItemName>מלפפון במלח באלדי13-17</ItemName>
      <ManufactureName>קבוצת אוסם סחר-שות.מוגבלת</ManufactureName>
      <ManufactureCountry />
      <ManufactureItemDescription />
      <UnitQty>י"ח</UnitQty>
      <Quantity>340</Quantity>
      <UnitMeasure>ל  גרם</UnitMeasure>
      <BisWeighted>0</BisWeighted>
      <QtyInPackage>1</QtyInPackage>
      <ItemPrice>10.90</ItemPrice>
      <UnitOfMeasurePrice>3.21</UnitOfMeasurePrice>
      <AllowDiscount>0</AllowDiscount>
      <itemStatus>1</itemStatus>
      <LastUpdateDate />
      <LastUpdateTime />
    </Product>
    <Product>
      <PriceUpdateDate>2020/02/18 09:19</PriceUpdateDate>
      <ItemCode>7290000467184</ItemCode>
      <ItemType>1</ItemType>
      <ItemName>מלפפון בחומץ 13-17</ItemName>
      <ManufactureName>קבוצת אוסם סחר-שות.מוגבלת</ManufactureName>
      <ManufactureCountry />
      <ManufactureItemDescription />
      <UnitQty>י"ח</UnitQty>
      <Quantity>320</Quantity>
      <UnitMeasure>ל  גרם</UnitMeasure>
      <BisWeighted>0</BisWeighted>
      <QtyInPackage>1</QtyInPackage>
      <ItemPrice>9.90</ItemPrice>
      <UnitOfMeasurePrice>3.09</UnitOfMeasurePrice>
      <AllowDiscount>0</AllowDiscount>
      <itemStatus>1</itemStatus>
      <LastUpdateDate />
      <LastUpdateTime />
    </Product>
    <Product>
      <PriceUpdateDate>2016/09/04 17:29</PriceUpdateDate>
      <ItemCode>7290000468006</ItemCode>
      <ItemType>1</ItemType>
      <ItemName>כרוב כבוש]בית   השיטה[</ItemName>
      <ManufactureName>קבוצת אוסם סחר-שות.מוגבלת</ManufactureName>
      <ManufactureCountry />
      <ManufactureItemDescription />
      <UnitQty>י"ח</UnitQty>
      <Quantity>550</Quantity>
      <UnitMeasure>ל  גרם</UnitMeasure>
      <BisWeighted>0</BisWeighted>
      <QtyInPackage>1</QtyInPackage>
      <ItemPrice>7.90</ItemPrice>
      <UnitOfMeasurePrice>1.44</UnitOfMeasurePrice>
      <AllowDiscount>0</AllowDiscount>
      <itemStatus>1</itemStatus>
      <LastUpdateDate />
      <LastUpdateTime />
    </Product>
    <Product>
      <PriceUpdateDate>2020/02/23 11:14</PriceUpdateDate>
      <ItemCode>7290000468167</ItemCode>
      <ItemType>1</ItemType>
      <ItemName>שיפקה A2</ItemName>
      <ManufactureName>קבוצת אוסם סחר-שות.מוגבלת</ManufactureName>
      <ManufactureCountry />
      <ManufactureItemDescription />
      <UnitQty>י"ח</UnitQty>
      <Quantity>230</Quantity>
      <UnitMeasure>ל  גרם</UnitMeasure>
      <BisWeighted>0</BisWeighted>
      <QtyInPackage>1</QtyInPackage>
      <ItemPrice>6.90</ItemPrice>
      <UnitOfMeasurePrice>3</UnitOfMeasurePrice>
      <AllowDiscount>0</AllowDiscount>
      <itemStatus>1</itemStatus>
      <LastUpdateDate />
      <LastUpdateTime />
    </Product>
    <Product>
      <PriceUpdateDate>2019/06/13 20:04</PriceUpdateDate>
      <ItemCode>7290000474090</ItemCode>
      <ItemType>1</ItemType>
      <ItemName>חלב 1 ליטר קרטון   *1% *</ItemName>
      <ManufactureName>*חברה המרכזית להפצתמשקאותבעמ*</ManufactureName>
      <ManufactureCountry />
      <ManufactureItemDescription />
      <UnitQty>י"ח</UnitQty>
      <Quantity>1</Quantity>
      <UnitMeasure>ליטר</UnitMeasure>
      <BisWeighted>0</BisWeighted>
      <QtyInPackage>1</QtyInPackage>
      <ItemPrice>5.59</ItemPrice>
      <UnitOfMeasurePrice>5.59</UnitOfMeasurePrice>
      <AllowDiscount>0</AllowDiscount>
      <itemStatus>1</itemStatus>
      <LastUpdateDate />
      <LastUpdateTime />
    </Product>
    <Product>
      <PriceUpdateDate>2019/06/13 20:04</PriceUpdateDate>
      <ItemCode>7290000474373</ItemCode>
      <ItemType>1</ItemType>
      <ItemName>שמנת חמוצה 200  מ"ל*</ItemName>
      <ManufactureName>*חברה המרכזית להפצתמשקאותבעמ*</ManufactureName>
      <ManufactureCountry />
      <ManufactureItemDescription />
      <UnitQty>י"ח</UnitQty>
      <Quantity>200</Quantity>
      <UnitMeasure>ל  מ"ל</UnitMeasure>
      <BisWeighted>0</BisWeighted>
      <QtyInPackage>1</QtyInPackage>
      <ItemPrice>2.28</ItemPrice>
      <UnitOfMeasurePrice>1.14</UnitOfMeasurePrice>
      <AllowDiscount>0</AllowDiscount>
      <itemStatus>1</itemStatus>
      <LastUpdateDate />
      <LastUpdateTime />
    </Product>
    <Product>
      <PriceUpdateDate>2019/06/13 20:04</PriceUpdateDate>
      <ItemCode>7290000474502</ItemCode>
      <ItemType>1</ItemType>
      <ItemName>גבינה לבנה  ב250 גרם 5%*</ItemName>
      <ManufactureName>*חברה המרכזית להפצתמשקאותבעמ*</ManufactureName>
      <ManufactureCountry />
      <ManufactureItemDescription />
      <UnitQty>י"ח</UnitQty>
      <Quantity>250</Quantity>
      <UnitMeasure>ל  גרם</UnitMeasure>
      <BisWeighted>0</BisWeighted>
      <QtyInPackage>1</QtyInPackage>
      <ItemPrice>4.75</ItemPrice>
      <UnitOfMeasurePrice>1.90</UnitOfMeasurePrice>
      <AllowDiscount>1</AllowDiscount>
      <itemStatus>1</itemStatus>
      <LastUpdateDate />
      <LastUpdateTime />
    </Product>
    <Product>
      <PriceUpdateDate>2020/04/27 13:34</PriceUpdateDate>
      <ItemCode>7290000474540</ItemCode>
      <ItemType>1</ItemType>
      <ItemName>טוב טעם גבינה 5% טרה</ItemName>
      <ManufactureName>*חברה המרכזית להפצתמשקאותבעמ*</ManufactureName>
      <ManufactureCountry />
      <ManufactureItemDescription />
      <UnitQty>י"ח</UnitQty>
      <Quantity>250</Quantity>
      <UnitMeasure>ל  גרם</UnitMeasure>
      <BisWeighted>0</BisWeighted>
      <QtyInPackage>1</QtyInPackage>
      <ItemPrice>10.90</ItemPrice>
      <UnitOfMeasurePrice>4.36</UnitOfMeasurePrice>
      <AllowDiscount>1</AllowDiscount>
      <itemStatus>1</itemStatus>
      <LastUpdateDate />
      <LastUpdateTime />
    </Product>
    <Product>
      <PriceUpdateDate>2019/04/04 11:18</PriceUpdateDate>
      <ItemCode>480107</ItemCode>
      <ItemType>0</ItemType>
      <ItemName>קוואקר אוטס פח 500 מ"ל</ItemName>
      <ManufactureName>שטראוס פריטו ליי בעמ</ManufactureName>
      <ManufactureCountry />
      <ManufactureItemDescription />
      <UnitQty>י"ח</UnitQty>
      <Quantity>500</Quantity>
      <UnitMeasure>ל  גרם</UnitMeasure>
      <BisWeighted>0</BisWeighted>
      <QtyInPackage>1</QtyInPackage>
      <ItemPrice>13.90</ItemPrice>
      <UnitOfMeasurePrice>2.78</UnitOfMeasurePrice>
      <AllowDiscount>1</AllowDiscount>
      <itemStatus>1</itemStatus>
      <LastUpdateDate />
      <LastUpdateTime />
    </Product>
    <Product>
      <PriceUpdateDate>2013/06/04 17:39</PriceUpdateDate>
      <ItemCode>7290000480329</ItemCode>
      <ItemType>1</ItemType>
      <ItemName>הרמזית 800 טבליות</ItemName>
      <ManufactureName>דיפלומט בעמ</ManufactureName>
      <ManufactureCountry />
      <ManufactureItemDescription />
      <UnitQty>י"ח</UnitQty>
      <Quantity>800</Quantity>
      <UnitMeasure>ל  גרם</UnitMeasure>
      <BisWeighted>0</BisWeighted>
      <QtyInPackage>1</QtyInPackage>
      <ItemPrice>27.50</ItemPrice>
      <UnitOfMeasurePrice>3.44</UnitOfMeasurePrice>
      <AllowDiscount>0</AllowDiscount>
      <itemStatus>1</itemStatus>
      <LastUpdateDate />
      <LastUpdateTime />
    </Product>
    <Product>
      <PriceUpdateDate>2020/03/12 09:17</PriceUpdateDate>
      <ItemCode>7290000480442</ItemCode>
      <ItemType>1</ItemType>
      <ItemName>קוואקר שקית</ItemName>
      <ManufactureName>שטראוס פריטו ליי בעמ</ManufactureName>
      <ManufactureCountry />
      <ManufactureItemDescription />
      <UnitQty>י"ח</UnitQty>
      <Quantity>500</Quantity>
      <UnitMeasure>ל  גרם</UnitMeasure>
      <BisWeighted>0</BisWeighted>
      <QtyInPackage>1</QtyInPackage>
      <ItemPrice>11.90</ItemPrice>
      <UnitOfMeasurePrice>2.38</UnitOfMeasurePrice>
      <AllowDiscount>0</AllowDiscount>
      <itemStatus>1</itemStatus>
      <LastUpdateDate />
      <LastUpdateTime />
    </Product>
    <Product>
      <PriceUpdateDate>2020/03/12 10:25</PriceUpdateDate>
      <ItemCode>481531</ItemCode>
      <ItemType>0</ItemType>
      <ItemName>מארז 10 לחמניות מחיטה מלאה</ItemName>
      <ManufactureName>דגנית עין בר ~~~</ManufactureName>
      <ManufactureCountry />
      <ManufactureItemDescription />
      <UnitQty>י"ח</UnitQty>
      <Quantity>1</Quantity>
      <UnitMeasure />
      <BisWeighted>0</BisWeighted>
      <QtyInPackage>1</QtyInPackage>
      <ItemPrice>10.90</ItemPrice>
      <UnitOfMeasurePrice>10.90</UnitOfMeasurePrice>
      <AllowDiscount>0</AllowDiscount>
      <itemStatus>1</itemStatus>
      <LastUpdateDate />
      <LastUpdateTime />
    </Product>
    <Product>
      <PriceUpdateDate>2020/03/12 10:25</PriceUpdateDate>
      <ItemCode>481883</ItemCode>
      <ItemType>0</ItemType>
      <ItemName>מארז 10 לחמניות אצבע</ItemName>
      <ManufactureName>דגנית עין בר ~~~</ManufactureName>
      <ManufactureCountry />
      <ManufactureItemDescription />
      <UnitQty>י"ח</UnitQty>
      <Quantity>1</Quantity>
      <UnitMeasure />
      <BisWeighted>0</BisWeighted>
      <QtyInPackage>1</QtyInPackage>
      <ItemPrice>10.90</ItemPrice>
      <UnitOfMeasurePrice>10.90</UnitOfMeasurePrice>
      <AllowDiscount>0</AllowDiscount>
      <itemStatus>1</itemStatus>
      <LastUpdateDate />
      <LastUpdateTime />
    </Product>
    <Product>
      <PriceUpdateDate>2018/08/15 10:21</PriceUpdateDate>
      <ItemCode>7290000482019</ItemCode>
      <ItemType>1</ItemType>
      <ItemName>קוקי 10 יחידות</ItemName>
      <ManufactureName>ש.שסטוביץ בעמ</ManufactureName>
      <ManufactureCountry />
      <ManufactureItemDescription />
      <UnitQty>י"ח</UnitQty>
      <Quantity>1</Quantity>
      <UnitMeasure />
      <BisWeighted>0</BisWeighted>
      <QtyInPackage>1</QtyInPackage>
      <ItemPrice>12.90</ItemPrice>
      <UnitOfMeasurePrice>12.90</UnitOfMeasurePrice>
      <AllowDiscount>1</AllowDiscount>
      <itemStatus>1</itemStatus>
      <LastUpdateDate />
      <LastUpdateTime />
    </Product>
    <Product>
      <PriceUpdateDate>2017/07/17 09:37</PriceUpdateDate>
      <ItemCode>7290000493176</ItemCode>
      <ItemType>1</ItemType>
      <ItemName>אבקת רוטב צלי לבשר</ItemName>
      <ManufactureName>קבוצת אוסם סחר-שות.מוגבלת</ManufactureName>
      <ManufactureCountry />
      <ManufactureItemDescription />
      <UnitQty>י"ח</UnitQty>
      <Quantity>22</Quantity>
      <UnitMeasure>ל  גרם</UnitMeasure>
      <BisWeighted>0</BisWeighted>
      <QtyInPackage>1</QtyInPackage>
      <ItemPrice>4.90</ItemPrice>
      <UnitOfMeasurePrice>22.27</UnitOfMeasurePrice>
      <AllowDiscount>0</AllowDiscount>
      <itemStatus>1</itemStatus>
      <LastUpdateDate />
      <LastUpdateTime />
    </Product>
    <Product>
      <PriceUpdateDate>2013/06/04 14:52</PriceUpdateDate>
      <ItemCode>7290000493183</ItemCode>
      <ItemType>1</ItemType>
      <ItemName>אבקת רוטב פטריות לבשר</ItemName>
      <ManufactureName>קבוצת אוסם סחר-שות.מוגבלת</ManufactureName>
      <ManufactureCountry />
      <ManufactureItemDescription />
      <UnitQty>י"ח</UnitQty>
      <Quantity>30</Quantity>
      <UnitMeasure>ל  גרם</UnitMeasure>
      <BisWeighted>0</BisWeighted>
      <QtyInPackage>1</QtyInPackage>
      <ItemPrice>4.80</ItemPrice>
      <UnitOfMeasurePrice>16</UnitOfMeasurePrice>
      <AllowDiscount>0</AllowDiscount>
      <itemStatus>1</itemStatus>
      <LastUpdateDate />
      <LastUpdateTime />
    </Product>
    <Product>
      <PriceUpdateDate>2013/12/23 19:38</PriceUpdateDate>
      <ItemCode>498225</ItemCode>
      <ItemType>0</ItemType>
      <ItemName>לחמניה  ברמן</ItemName>
      <ManufactureName>י.את א. ברמן בעמ</ManufactureName>
      <ManufactureCountry />
      <ManufactureItemDescription />
      <UnitQty>י"ח</UnitQty>
      <Quantity>1</Quantity>
      <UnitMeasure />
      <BisWeighted>0</BisWeighted>
      <QtyInPackage>1</QtyInPackage>
      <ItemPrice>2.90</ItemPrice>
      <UnitOfMeasurePrice>2.90</UnitOfMeasurePrice>
      <AllowDiscount>0</AllowDiscount>
      <itemStatus>1</itemStatus>
      <LastUpdateDate />
      <LastUpdateTime />
    </Product>
    <Product>
      <PriceUpdateDate>2018/07/16 13:59</PriceUpdateDate>
      <ItemCode>7290000504025</ItemCode>
      <ItemType>1</ItemType>
      <ItemName>פטריה סוכרזית</ItemName>
      <ManufactureName>שטראוס גרופ בעמ</ManufactureName>
      <ManufactureCountry />
      <ManufactureItemDescription />
      <UnitQty>י"ח</UnitQty>
      <Quantity>246</Quantity>
      <UnitMeasure>ל  גרם</UnitMeasure>
      <BisWeighted>0</BisWeighted>
      <QtyInPackage>1</QtyInPackage>
      <ItemPrice>9.50</ItemPrice>
      <UnitOfMeasurePrice>3.86</UnitOfMeasurePrice>
      <AllowDiscount>0</AllowDiscount>
      <itemStatus>1</itemStatus>
      <LastUpdateDate />
      <LastUpdateTime />
    </Product>
    <Product>
      <PriceUpdateDate>2016/02/05 09:09</PriceUpdateDate>
      <ItemCode>7290000504049</ItemCode>
      <ItemType>1</ItemType>
      <ItemName>סוכרזית קנקן 200</ItemName>
      <ManufactureName>שטראוס גרופ בעמ</ManufactureName>
      <ManufactureCountry />
      <ManufactureItemDescription />
      <UnitQty>י"ח</UnitQty>
      <Quantity>984</Quantity>
      <UnitMeasure>ל  גרם</UnitMeasure>
      <BisWeighted>0</BisWeighted>
      <QtyInPackage>1</QtyInPackage>
      <ItemPrice>23.90</ItemPrice>
      <UnitOfMeasurePrice>2.43</UnitOfMeasurePrice>
      <AllowDiscount>0</AllowDiscount>
      <itemStatus>1</itemStatus>
      <LastUpdateDate />
      <LastUpdateTime />
    </Product>
    <Product>
      <PriceUpdateDate>2019/11/03 11:03</PriceUpdateDate>
      <ItemCode>7290000504278</ItemCode>
      <ItemType>1</ItemType>
      <ItemName>סוכרזית פטנט</ItemName>
      <ManufactureName>שטראוס גרופ בעמ</ManufactureName>
      <ManufactureCountry />
      <ManufactureItemDescription />
      <UnitQty>י"ח</UnitQty>
      <Quantity>574</Quantity>
      <UnitMeasure>ל  גרם</UnitMeasure>
      <BisWeighted>0</BisWeighted>
      <QtyInPackage>1</QtyInPackage>
      <ItemPrice>16.90</ItemPrice>
      <UnitOfMeasurePrice>2.94</UnitOfMeasurePrice>
      <AllowDiscount>0</AllowDiscount>
      <itemStatus>1</itemStatus>
      <LastUpdateDate />
      <LastUpdateTime />
    </Product>
    <Product>
      <PriceUpdateDate>2017/04/18 12:20</PriceUpdateDate>
      <ItemCode>7290000515106</ItemCode>
      <ItemType>1</ItemType>
      <ItemName>סולת 1 ק"ג(טחנת  ב"ש)</ItemName>
      <ManufactureName>טחנת קמח באר-שבע בעמ</ManufactureName>
      <ManufactureCountry />
      <ManufactureItemDescription />
      <UnitQty>י"ח</UnitQty>
      <Quantity>1</Quantity>
      <UnitMeasure>ק"ג</UnitMeasure>
      <BisWeighted>0</BisWeighted>
      <QtyInPackage>1</QtyInPackage>
      <ItemPrice>4.90</ItemPrice>
      <UnitOfMeasurePrice>4.90</UnitOfMeasurePrice>
      <AllowDiscount>0</AllowDiscount>
      <itemStatus>1</itemStatus>
      <LastUpdateDate />
      <LastUpdateTime />
    </Product>
    <Product>
      <PriceUpdateDate>2017/05/19 10:26</PriceUpdateDate>
      <ItemCode>518190</ItemCode>
      <ItemType>0</ItemType>
      <ItemName>מתוק וקל סטיביה 100 שק.</ItemName>
      <ManufactureName>מתוק וקל בעמ</ManufactureName>
      <ManufactureCountry />
      <ManufactureItemDescription />
      <UnitQty>י"ח</UnitQty>
      <Quantity>25</Quantity>
      <UnitMeasure>ל  גרם</UnitMeasure>
      <BisWeighted>0</BisWeighted>
      <QtyInPackage>1</QtyInPackage>
      <ItemPrice>24.70</ItemPrice>
      <UnitOfMeasurePrice>98.80</UnitOfMeasurePrice>
      <AllowDiscount>0</AllowDiscount>
      <itemStatus>1</itemStatus>
      <LastUpdateDate />
      <LastUpdateTime />
    </Product>
    <Product>
      <PriceUpdateDate>2018/09/13 16:57</PriceUpdateDate>
      <ItemCode>7290000523224</ItemCode>
      <ItemType>1</ItemType>
      <ItemName>מלח ים יבש  הארץ 500 ג</ItemName>
      <ManufactureName>תה ויסוצקי (ישראל)בעמ</ManufactureName>
      <ManufactureCountry />
      <ManufactureItemDescription />
      <UnitQty>י"ח</UnitQty>
      <Quantity>500</Quantity>
      <UnitMeasure>ל  גרם</UnitMeasure>
      <BisWeighted>0</BisWeighted>
      <QtyInPackage>1</QtyInPackage>
      <ItemPrice>8.40</ItemPrice>
      <UnitOfMeasurePrice>1.68</UnitOfMeasurePrice>
      <AllowDiscount>0</AllowDiscount>
      <itemStatus>1</itemStatus>
      <LastUpdateDate />
      <LastUpdateTime />
    </Product>
    <Product>
      <PriceUpdateDate>2017/01/01 12:54</PriceUpdateDate>
      <ItemCode>7290000523514</ItemCode>
      <ItemType>1</ItemType>
      <ItemName>מלח 250 ג  בקבוק הארץ</ItemName>
      <ManufactureName>תה ויסוצקי (ישראל)בעמ</ManufactureName>
      <ManufactureCountry />
      <ManufactureItemDescription />
      <UnitQty>י"ח</UnitQty>
      <Quantity>250</Quantity>
      <UnitMeasure>ל  גרם</UnitMeasure>
      <BisWeighted>0</BisWeighted>
      <QtyInPackage>1</QtyInPackage>
      <ItemPrice>9.90</ItemPrice>
      <UnitOfMeasurePrice>3.96</UnitOfMeasurePrice>
      <AllowDiscount>0</AllowDiscount>
      <itemStatus>1</itemStatus>
      <LastUpdateDate />
      <LastUpdateTime />
    </Product>
    <Product>
      <PriceUpdateDate>2018/09/13 16:58</PriceUpdateDate>
      <ItemCode>523804</ItemCode>
      <ItemType>0</ItemType>
      <ItemName>מלח עדין 1 ק"ג צנצנת הארץ</ItemName>
      <ManufactureName>תה ויסוצקי (ישראל)בעמ</ManufactureName>
      <ManufactureCountry />
      <ManufactureItemDescription />
      <UnitQty>י"ח</UnitQty>
      <Quantity>1</Quantity>
      <UnitMeasure>ק"ג</UnitMeasure>
      <BisWeighted>0</BisWeighted>
      <QtyInPackage>1</QtyInPackage>
      <ItemPrice>7.60</ItemPrice>
      <UnitOfMeasurePrice>7.60</UnitOfMeasurePrice>
      <AllowDiscount>0</AllowDiscount>
      <itemStatus>1</itemStatus>
      <LastUpdateDate />
      <LastUpdateTime />
    </Product>
    <Product>
      <PriceUpdateDate>2015/03/16 17:17</PriceUpdateDate>
      <ItemCode>524191</ItemCode>
      <ItemType>0</ItemType>
      <ItemName>עוגיות מובחרות כעכים ריפעת</ItemName>
      <ManufactureName>שיבולים ייצור ושיווק מאפה בעמ</ManufactureName>
      <ManufactureCountry />
      <ManufactureItemDescription />
      <UnitQty>י"ח</UnitQty>
      <Quantity>400</Quantity>
      <UnitMeasure>ל  גרם</UnitMeasure>
      <BisWeighted>0</BisWeighted>
      <QtyInPackage>1</QtyInPackage>
      <ItemPrice>15.90</ItemPrice>
      <UnitOfMeasurePrice>3.98</UnitOfMeasurePrice>
      <AllowDiscount>1</AllowDiscount>
      <itemStatus>1</itemStatus>
      <LastUpdateDate />
      <LastUpdateTime />
    </Product>
    <Product>
      <PriceUpdateDate>2017/12/06 12:17</PriceUpdateDate>
      <ItemCode>7290000525969</ItemCode>
      <ItemType>1</ItemType>
      <ItemName>פרימור תפוזים 1 ליטר</ItemName>
      <ManufactureName>שטראוס גרופ ***בעמ</ManufactureName>
      <ManufactureCountry />
      <ManufactureItemDescription />
      <UnitQty>י"ח</UnitQty>
      <Quantity>1</Quantity>
      <UnitMeasure>ליטר</UnitMeasure>
      <BisWeighted>0</BisWeighted>
      <QtyInPackage>1</QtyInPackage>
      <ItemPrice>16.20</ItemPrice>
      <UnitOfMeasurePrice>16.20</UnitOfMeasurePrice>
      <AllowDiscount>0</AllowDiscount>
      <itemStatus>1</itemStatus>
      <LastUpdateDate />
      <LastUpdateTime />
    </Product>
    <Product>
      <PriceUpdateDate>2019/02/20 13:18</PriceUpdateDate>
      <ItemCode>530024</ItemCode>
      <ItemType>0</ItemType>
      <ItemName>תה מעושן רחב זוגלובק</ItemName>
      <ManufactureName>זוגלובק שיווק בעמ</ManufactureName>
      <ManufactureCountry />
      <ManufactureItemDescription />
      <UnitQty>ק"ג</UnitQty>
      <Quantity>1000</Quantity>
      <UnitMeasure>ל  גרם</UnitMeasure>
      <BisWeighted>1</BisWeighted>
      <QtyInPackage>1</QtyInPackage>
      <ItemPrice>44.90</ItemPrice>
      <UnitOfMeasurePrice>4.49</UnitOfMeasurePrice>
      <AllowDiscount>0</AllowDiscount>
      <itemStatus>1</itemStatus>
      <LastUpdateDate />
      <LastUpdateTime />
    </Product>
    <Product>
      <PriceUpdateDate>2013/12/12 15:02</PriceUpdateDate>
      <ItemCode>7290000530048</ItemCode>
      <ItemType>1</ItemType>
      <ItemName>סלמי פפרוני זוגלובק</ItemName>
      <ManufactureName>זוגלובק שיווק בעמ</ManufactureName>
      <ManufactureCountry />
      <ManufactureItemDescription />
      <UnitQty>י"ח</UnitQty>
      <Quantity>1000</Quantity>
      <UnitMeasure>ל  גרם</UnitMeasure>
      <BisWeighted>1</BisWeighted>
      <QtyInPackage>1</QtyInPackage>
      <ItemPrice>55.20</ItemPrice>
      <UnitOfMeasurePrice>5.52</UnitOfMeasurePrice>
      <AllowDiscount>0</AllowDiscount>
      <itemStatus>1</itemStatus>
      <LastUpdateDate />
      <LastUpdateTime />
    </Product>
    <Product>
      <PriceUpdateDate>2016/01/03 11:36</PriceUpdateDate>
      <ItemCode>530062</ItemCode>
      <ItemType>0</ItemType>
      <ItemName>מעושן איטלקי]זוגלובק[</ItemName>
      <ManufactureName>זוגלובק שיווק בעמ</ManufactureName>
      <ManufactureCountry />
      <ManufactureItemDescription />
      <UnitQty>ק"ג</UnitQty>
      <Quantity>1</Quantity>
      <UnitMeasure>י"ח</UnitMeasure>
      <BisWeighted>1</BisWeighted>
      <QtyInPackage>1</QtyInPackage>
      <ItemPrice>75.60</ItemPrice>
      <UnitOfMeasurePrice>75.60</UnitOfMeasurePrice>
      <AllowDiscount>0</AllowDiscount>
      <itemStatus>1</itemStatus>
      <LastUpdateDate />
      <LastUpdateTime />
    </Product>
    <Product>
      <PriceUpdateDate>2019/09/17 09:19</PriceUpdateDate>
      <ItemCode>7290000530086</ItemCode>
      <ItemType>1</ItemType>
      <ItemName>נקניק מעושן  7000</ItemName>
      <ManufactureName>זוגלובק שיווק בעמ</ManufactureName>
      <ManufactureCountry />
      <ManufactureItemDescription />
      <UnitQty>י"ח</UnitQty>
      <Quantity>800</Quantity>
      <UnitMeasure>ל  גרם</UnitMeasure>
      <BisWeighted>0</BisWeighted>
      <QtyInPackage>1</QtyInPackage>
      <ItemPrice>29.90</ItemPrice>
      <UnitOfMeasurePrice>3.74</UnitOfMeasurePrice>
      <AllowDiscount>0</AllowDiscount>
      <itemStatus>1</itemStatus>
      <LastUpdateDate />
      <LastUpdateTime />
    </Product>
    <Product>
      <PriceUpdateDate>2013/12/12 14:46</PriceUpdateDate>
      <ItemCode>7290000530116</ItemCode>
      <ItemType>1</ItemType>
      <ItemName>נקניק בשן זוגלובק</ItemName>
      <ManufactureName>זוגלובק שיווק בעמ</ManufactureName>
      <ManufactureCountry />
      <ManufactureItemDescription />
      <UnitQty>י"ח</UnitQty>
      <Quantity>700</Quantity>
      <UnitMeasure>ל  גרם</UnitMeasure>
      <BisWeighted>0</BisWeighted>
      <QtyInPackage>1</QtyInPackage>
      <ItemPrice>28.40</ItemPrice>
      <UnitOfMeasurePrice>4.06</UnitOfMeasurePrice>
      <AllowDiscount>1</AllowDiscount>
      <itemStatus>1</itemStatus>
      <LastUpdateDate />
      <LastUpdateTime />
    </Product>
    <Product>
      <PriceUpdateDate>2016/01/03 11:36</PriceUpdateDate>
      <ItemCode>7290000530178</ItemCode>
      <ItemType>1</ItemType>
      <ItemName>קוניאק זוגלובק שקילה</ItemName>
      <ManufactureName>זוגלובק שיווק בעמ</ManufactureName>
      <ManufactureCountry />
      <ManufactureItemDescription />
      <UnitQty>י"ח</UnitQty>
      <Quantity>1000</Quantity>
      <UnitMeasure>ל  גרם</UnitMeasure>
      <BisWeighted>1</BisWeighted>
      <QtyInPackage>1</QtyInPackage>
      <ItemPrice>75.60</ItemPrice>
      <UnitOfMeasurePrice>7.56</UnitOfMeasurePrice>
      <AllowDiscount>0</AllowDiscount>
      <itemStatus>1</itemStatus>
      <LastUpdateDate />
      <LastUpdateTime />
    </Product>
    <Product>
      <PriceUpdateDate>2013/12/12 15:02</PriceUpdateDate>
      <ItemCode>7290000530260</ItemCode>
      <ItemType>1</ItemType>
      <ItemName>מרטדלה רחב זוגלובק</ItemName>
      <ManufactureName>זוגלובק שיווק בעמ</ManufactureName>
      <ManufactureCountry />
      <ManufactureItemDescription />
      <UnitQty>ק"ג</UnitQty>
      <Quantity>1000</Quantity>
      <UnitMeasure>ל  גרם</UnitMeasure>
      <BisWeighted>1</BisWeighted>
      <QtyInPackage>1</QtyInPackage>
      <ItemPrice>37.20</ItemPrice>
      <UnitOfMeasurePrice>3.72</UnitOfMeasurePrice>
      <AllowDiscount>0</AllowDiscount>
      <itemStatus>1</itemStatus>
      <LastUpdateDate />
      <LastUpdateTime />
    </Product>
    <Product>
      <PriceUpdateDate>2013/12/12 15:02</PriceUpdateDate>
      <ItemCode>7290000530291</ItemCode>
      <ItemType>1</ItemType>
      <ItemName>נקניק מבשר הודו</ItemName>
      <ManufactureName>זוגלובק שיווק בעמ</ManufactureName>
      <ManufactureCountry />
      <ManufactureItemDescription />
      <UnitQty>י"ח</UnitQty>
      <Quantity>800</Quantity>
      <UnitMeasure>ל  גרם</UnitMeasure>
      <BisWeighted>0</BisWeighted>
      <QtyInPackage>1</QtyInPackage>
      <ItemPrice>21.90</ItemPrice>
      <UnitOfMeasurePrice>2.74</UnitOfMeasurePrice>
      <AllowDiscount>1</AllowDiscount>
      <itemStatus>1</itemStatus>
      <LastUpdateDate />
      <LastUpdateTime />
    </Product>
    <Product>
      <PriceUpdateDate>2018/08/10 08:43</PriceUpdateDate>
      <ItemCode>7290000530413</ItemCode>
      <ItemType>1</ItemType>
      <ItemName>המבורגר זהב 400</ItemName>
      <ManufactureName>זוגלובק שיווק בעמ</ManufactureName>
      <ManufactureCountry />
      <ManufactureItemDescription />
      <UnitQty>י"ח</UnitQty>
      <Quantity>400</Quantity>
      <UnitMeasure>ל  גרם</UnitMeasure>
      <BisWeighted>0</BisWeighted>
      <QtyInPackage>1</QtyInPackage>
      <ItemPrice>21.90</ItemPrice>
      <UnitOfMeasurePrice>5.48</UnitOfMeasurePrice>
      <AllowDiscount>1</AllowDiscount>
      <itemStatus>1</itemStatus>
      <LastUpdateDate />
      <LastUpdateTime />
    </Product>
    <Product>
      <PriceUpdateDate>2012/10/12 07:15</PriceUpdateDate>
      <ItemCode>7290000530444</ItemCode>
      <ItemType>1</ItemType>
      <ItemName>כתף בקר מעושן</ItemName>
      <ManufactureName>זוגלובק שיווק בעמ</ManufactureName>
      <ManufactureCountry />
      <ManufactureItemDescription />
      <UnitQty>ק"ג</UnitQty>
      <Quantity>1</Quantity>
      <UnitMeasure />
      <BisWeighted>1</BisWeighted>
      <QtyInPackage>1</QtyInPackage>
      <ItemPrice>110.90</ItemPrice>
      <UnitOfMeasurePrice>110.90</UnitOfMeasurePrice>
      <AllowDiscount>0</AllowDiscount>
      <itemStatus>1</itemStatus>
      <LastUpdateDate />
      <LastUpdateTime />
    </Product>
    <Product>
      <PriceUpdateDate>2017/12/06 11:44</PriceUpdateDate>
      <ItemCode>7290000530468</ItemCode>
      <ItemType>1</ItemType>
      <ItemName>וינר  טרי 1 ק"ג זוגלובק</ItemName>
      <ManufactureName>זוגלובק שיווק בעמ</ManufactureName>
      <ManufactureCountry />
      <ManufactureItemDescription />
      <UnitQty>י"ח</UnitQty>
      <Quantity>1</Quantity>
      <UnitMeasure>ק"ג</UnitMeasure>
      <BisWeighted>0</BisWeighted>
      <QtyInPackage>1</QtyInPackage>
      <ItemPrice>27.90</ItemPrice>
      <UnitOfMeasurePrice>27.90</UnitOfMeasurePrice>
      <AllowDiscount>1</AllowDiscount>
      <itemStatus>1</itemStatus>
      <LastUpdateDate />
      <LastUpdateTime />
    </Product>
    <Product>
      <PriceUpdateDate>2019/08/25 09:24</PriceUpdateDate>
      <ItemCode>7290000530598</ItemCode>
      <ItemType>1</ItemType>
      <ItemName>נקניקיות וינר טרי</ItemName>
      <ManufactureName>זוגלובק שיווק בעמ</ManufactureName>
      <ManufactureCountry />
      <ManufactureItemDescription />
      <UnitQty>י"ח</UnitQty>
      <Quantity>500</Quantity>
      <UnitMeasure>ל  גרם</UnitMeasure>
      <BisWeighted>0</BisWeighted>
      <QtyInPackage>1</QtyInPackage>
      <ItemPrice>19.90</ItemPrice>
      <UnitOfMeasurePrice>3.98</UnitOfMeasurePrice>
      <AllowDiscount>1</AllowDiscount>
      <itemStatus>1</itemStatus>
      <LastUpdateDate />
      <LastUpdateTime />
    </Product>
    <Product>
      <PriceUpdateDate>2013/11/25 15:49</PriceUpdateDate>
      <ItemCode>7290000531410</ItemCode>
      <ItemType>1</ItemType>
      <ItemName>.פסטרממיה בדבש</ItemName>
      <ManufactureName>זוגלובק שיווק בעמ</ManufactureName>
      <ManufactureCountry />
      <ManufactureItemDescription />
      <UnitQty>ק"ג</UnitQty>
      <Quantity>1</Quantity>
      <UnitMeasure />
      <BisWeighted>1</BisWeighted>
      <QtyInPackage>1</QtyInPackage>
      <ItemPrice>76.90</ItemPrice>
      <UnitOfMeasurePrice>76.90</UnitOfMeasurePrice>
      <AllowDiscount>0</AllowDiscount>
      <itemStatus>1</itemStatus>
      <LastUpdateDate />
      <LastUpdateTime />
    </Product>
    <Product>
      <PriceUpdateDate>2019/03/11 14:11</PriceUpdateDate>
      <ItemCode>7290000531601</ItemCode>
      <ItemType>1</ItemType>
      <ItemName>סטייק בורגר 400 גרם</ItemName>
      <ManufactureName>זוגלובק שיווק בעמ</ManufactureName>
      <ManufactureCountry />
      <ManufactureItemDescription />
      <UnitQty>י"ח</UnitQty>
      <Quantity>400</Quantity>
      <UnitMeasure>ל  גרם</UnitMeasure>
      <BisWeighted>0</BisWeighted>
      <QtyInPackage>1</QtyInPackage>
      <ItemPrice>21.90</ItemPrice>
      <UnitOfMeasurePrice>5.48</UnitOfMeasurePrice>
      <AllowDiscount>1</AllowDiscount>
      <itemStatus>1</itemStatus>
      <LastUpdateDate />
      <LastUpdateTime />
    </Product>
    <Product>
      <PriceUpdateDate>2013/11/25 15:49</PriceUpdateDate>
      <ItemCode>7290000532400</ItemCode>
      <ItemType>1</ItemType>
      <ItemName>פסטרמה חזה הודו ברביקיו</ItemName>
      <ManufactureName>זוגלובק שיווק בעמ</ManufactureName>
      <ManufactureCountry />
      <ManufactureItemDescription />
      <UnitQty>ק"ג</UnitQty>
      <Quantity>1</Quantity>
      <UnitMeasure />
      <BisWeighted>1</BisWeighted>
      <QtyInPackage>1</QtyInPackage>
      <ItemPrice>76.90</ItemPrice>
      <UnitOfMeasurePrice>76.90</UnitOfMeasurePrice>
      <AllowDiscount>0</AllowDiscount>
      <itemStatus>1</itemStatus>
      <LastUpdateDate />
      <LastUpdateTime />
    </Product>
    <Product>
      <PriceUpdateDate>2019/02/20 12:24</PriceUpdateDate>
      <ItemCode>532479</ItemCode>
      <ItemType>0</ItemType>
      <ItemName>נקניקיות חריפות 1 ק"ג קפואות</ItemName>
      <ManufactureName>זוגלובק שיווק בעמ</ManufactureName>
      <ManufactureCountry />
      <ManufactureItemDescription />
      <UnitQty>י"ח</UnitQty>
      <Quantity>1</Quantity>
      <UnitMeasure>ק"ג</UnitMeasure>
      <BisWeighted>0</BisWeighted>
      <QtyInPackage>1</QtyInPackage>
      <ItemPrice>27.90</ItemPrice>
      <UnitOfMeasurePrice>27.90</UnitOfMeasurePrice>
      <AllowDiscount>1</AllowDiscount>
      <itemStatus>1</itemStatus>
      <LastUpdateDate />
      <LastUpdateTime />
    </Product>
    <Product>
      <PriceUpdateDate>2016/08/08 14:29</PriceUpdateDate>
      <ItemCode>7290000533353</ItemCode>
      <ItemType>1</ItemType>
      <ItemName>בצק עלים זוגלובק 1 קג</ItemName>
      <ManufactureName>זוגלובק שיווק בעמ</ManufactureName>
      <ManufactureCountry />
      <ManufactureItemDescription />
      <UnitQty>י"ח</UnitQty>
      <Quantity>1</Quantity>
      <UnitMeasure>ק"ג</UnitMeasure>
      <BisWeighted>0</BisWeighted>
      <QtyInPackage>1</QtyInPackage>
      <ItemPrice>15.90</ItemPrice>
      <UnitOfMeasurePrice>15.90</UnitOfMeasurePrice>
      <AllowDiscount>1</AllowDiscount>
      <itemStatus>1</itemStatus>
      <LastUpdateDate />
      <LastUpdateTime />
    </Product>
    <Product>
      <PriceUpdateDate>2013/11/25 15:49</PriceUpdateDate>
      <ItemCode>7290000534718</ItemCode>
      <ItemType>1</ItemType>
      <ItemName>פסטרמה הודו תבור 1% שומן</ItemName>
      <ManufactureName>זוגלובק שיווק בעמ</ManufactureName>
      <ManufactureCountry />
      <ManufactureItemDescription />
      <UnitQty>ק"ג</UnitQty>
      <Quantity>1</Quantity>
      <UnitMeasure />
      <BisWeighted>1</BisWeighted>
      <QtyInPackage>1</QtyInPackage>
      <ItemPrice>76.90</ItemPrice>
      <UnitOfMeasurePrice>76.90</UnitOfMeasurePrice>
      <AllowDiscount>0</AllowDiscount>
      <itemStatus>1</itemStatus>
      <LastUpdateDate />
      <LastUpdateTime />
    </Product>
    <Product>
      <PriceUpdateDate>2016/06/20 14:58</PriceUpdateDate>
      <ItemCode>7290000536316</ItemCode>
      <ItemType>1</ItemType>
      <ItemName>שניצל מן  הצומח]זוגלובק[</ItemName>
      <ManufactureName>זוגלובק שיווק בעמ</ManufactureName>
      <ManufactureCountry />
      <ManufactureItemDescription />
      <UnitQty>י"ח</UnitQty>
      <Quantity>1</Quantity>
      <UnitMeasure>ק"ג</UnitMeasure>
      <BisWeighted>0</BisWeighted>
      <QtyInPackage>1</QtyInPackage>
      <ItemPrice>29.90</ItemPrice>
      <UnitOfMeasurePrice>29.90</UnitOfMeasurePrice>
      <AllowDiscount>1</AllowDiscount>
      <itemStatus>1</itemStatus>
      <LastUpdateDate />
      <LastUpdateTime />
    </Product>
    <Product>
      <PriceUpdateDate>2014/08/04 15:16</PriceUpdateDate>
      <ItemCode>7290000537566</ItemCode>
      <ItemType>1</ItemType>
      <ItemName>נקניקיות עוף טרי 400 ג זוגלובק</ItemName>
      <ManufactureName>זוגלובק שיווק בעמ</ManufactureName>
      <ManufactureCountry />
      <ManufactureItemDescription />
      <UnitQty>י"ח</UnitQty>
      <Quantity>400</Quantity>
      <UnitMeasure>ל  גרם</UnitMeasure>
      <BisWeighted>0</BisWeighted>
      <QtyInPackage>1</QtyInPackage>
      <ItemPrice>14.90</ItemPrice>
      <UnitOfMeasurePrice>3.73</UnitOfMeasurePrice>
      <AllowDiscount>1</AllowDiscount>
      <itemStatus>1</itemStatus>
      <LastUpdateDate />
      <LastUpdateTime />
    </Product>
    <Product>
      <PriceUpdateDate>2013/12/12 14:43</PriceUpdateDate>
      <ItemCode>7290000538709</ItemCode>
      <ItemType>1</ItemType>
      <ItemName>תה מעושן</ItemName>
      <ManufactureName>זוגלובק שיווק בעמ</ManufactureName>
      <ManufactureCountry />
      <ManufactureItemDescription />
      <UnitQty>י"ח</UnitQty>
      <Quantity>200</Quantity>
      <UnitMeasure>ל  גרם</UnitMeasure>
      <BisWeighted>0</BisWeighted>
      <QtyInPackage>1</QtyInPackage>
      <ItemPrice>15.20</ItemPrice>
      <UnitOfMeasurePrice>7.60</UnitOfMeasurePrice>
      <AllowDiscount>0</AllowDiscount>
      <itemStatus>1</itemStatus>
      <LastUpdateDate />
      <LastUpdateTime />
    </Product>
    <Product>
      <PriceUpdateDate>2013/12/23 11:29</PriceUpdateDate>
      <ItemCode>552118</ItemCode>
      <ItemType>0</ItemType>
      <ItemName>נקניקיות מרגז 400 גרם</ItemName>
      <ManufactureName>נטו מלינדה סחר בעמ</ManufactureName>
      <ManufactureCountry />
      <ManufactureItemDescription />
      <UnitQty>י"ח</UnitQty>
      <Quantity>400</Quantity>
      <UnitMeasure>ל  גרם</UnitMeasure>
      <BisWeighted>0</BisWeighted>
      <QtyInPackage>1</QtyInPackage>
      <ItemPrice>20.50</ItemPrice>
      <UnitOfMeasurePrice>5.13</UnitOfMeasurePrice>
      <AllowDiscount>0</AllowDiscount>
      <itemStatus>1</itemStatus>
      <LastUpdateDate />
      <LastUpdateTime />
    </Product>
    <Product>
      <PriceUpdateDate>2018/05/29 19:15</PriceUpdateDate>
      <ItemCode>7290000552569</ItemCode>
      <ItemType>1</ItemType>
      <ItemName>סטייק בורגר 400 גרם</ItemName>
      <ManufactureName>נטו מלינדה סחר בעמ</ManufactureName>
      <ManufactureCountry />
      <ManufactureItemDescription />
      <UnitQty>י"ח</UnitQty>
      <Quantity>400</Quantity>
      <UnitMeasure>ל  גרם</UnitMeasure>
      <BisWeighted>0</BisWeighted>
      <QtyInPackage>1</QtyInPackage>
      <ItemPrice>20.90</ItemPrice>
      <UnitOfMeasurePrice>5.23</UnitOfMeasurePrice>
      <AllowDiscount>1</AllowDiscount>
      <itemStatus>1</itemStatus>
      <LastUpdateDate />
      <LastUpdateTime />
    </Product>
    <Product>
      <PriceUpdateDate>2018/10/07 16:48</PriceUpdateDate>
      <ItemCode>7290000554402</ItemCode>
      <ItemType>1</ItemType>
      <ItemName>מלבי גד 160 גרם</ItemName>
      <ManufactureName>מחלבות גד</ManufactureName>
      <ManufactureCountry />
      <ManufactureItemDescription />
      <UnitQty>י"ח</UnitQty>
      <Quantity>160</Quantity>
      <UnitMeasure>ל  מ"ל</UnitMeasure>
      <BisWeighted>0</BisWeighted>
      <QtyInPackage>1</QtyInPackage>
      <ItemPrice>5.60</ItemPrice>
      <UnitOfMeasurePrice>3.50</UnitOfMeasurePrice>
      <AllowDiscount>1</AllowDiscount>
      <itemStatus>1</itemStatus>
      <LastUpdateDate />
      <LastUpdateTime />
    </Product>
    <Product>
      <PriceUpdateDate>2018/10/10 16:44</PriceUpdateDate>
      <ItemCode>554457</ItemCode>
      <ItemType>0</ItemType>
      <ItemName>צפתית מיני% }5 גד 350 ג</ItemName>
      <ManufactureName>מחלבות גד</ManufactureName>
      <ManufactureCountry />
      <ManufactureItemDescription />
      <UnitQty>י"ח</UnitQty>
      <Quantity>350</Quantity>
      <UnitMeasure>ל  גרם</UnitMeasure>
      <BisWeighted>0</BisWeighted>
      <QtyInPackage>1</QtyInPackage>
      <ItemPrice>19.90</ItemPrice>
      <UnitOfMeasurePrice>5.69</UnitOfMeasurePrice>
      <AllowDiscount>1</AllowDiscount>
      <itemStatus>1</itemStatus>
      <LastUpdateDate />
      <LastUpdateTime />
    </Product>
    <Product>
      <PriceUpdateDate>2018/10/07 16:48</PriceUpdateDate>
      <ItemCode>7290000554471</ItemCode>
      <ItemType>1</ItemType>
      <ItemName>מוצרלה 180גר }.גד{</ItemName>
      <ManufactureName>מחלבות גד</ManufactureName>
      <ManufactureCountry />
      <ManufactureItemDescription />
      <UnitQty>י"ח</UnitQty>
      <Quantity>1</Quantity>
      <UnitMeasure />
      <BisWeighted>0</BisWeighted>
      <QtyInPackage>1</QtyInPackage>
      <ItemPrice>16.90</ItemPrice>
      <UnitOfMeasurePrice>16.90</UnitOfMeasurePrice>
      <AllowDiscount>1</AllowDiscount>
      <itemStatus>1</itemStatus>
      <LastUpdateDate />
      <LastUpdateTime />
    </Product>
    <Product>
      <PriceUpdateDate>2018/10/14 15:53</PriceUpdateDate>
      <ItemCode>554532</ItemCode>
      <ItemType>0</ItemType>
      <ItemName>צפתית גד  מעודנת 5% במלח ים טבעי 200 ג</ItemName>
      <ManufactureName>מחלבות גד</ManufactureName>
      <ManufactureCountry />
      <ManufactureItemDescription />
      <UnitQty>י"ח</UnitQty>
      <Quantity>200</Quantity>
      <UnitMeasure>ל  מ"ל</UnitMeasure>
      <BisWeighted>0</BisWeighted>
      <QtyInPackage>1</QtyInPackage>
      <ItemPrice>13.90</ItemPrice>
      <UnitOfMeasurePrice>6.95</UnitOfMeasurePrice>
      <AllowDiscount>1</AllowDiscount>
      <itemStatus>1</itemStatus>
      <LastUpdateDate />
      <LastUpdateTime />
    </Product>
    <Product>
      <PriceUpdateDate>2016/03/08 12:02</PriceUpdateDate>
      <ItemCode>7290000554686</ItemCode>
      <ItemType>1</ItemType>
      <ItemName>לאבנה בתוספת  שמןזית  וזעתר גד{ 5%</ItemName>
      <ManufactureName>מחלבות גד</ManufactureName>
      <ManufactureCountry />
      <ManufactureItemDescription />
      <UnitQty>י"ח</UnitQty>
      <Quantity>250</Quantity>
      <UnitMeasure>ל  גרם</UnitMeasure>
      <BisWeighted>0</BisWeighted>
      <QtyInPackage>1</QtyInPackage>
      <ItemPrice>13.80</ItemPrice>
      <UnitOfMeasurePrice>5.52</UnitOfMeasurePrice>
      <AllowDiscount>1</AllowDiscount>
      <itemStatus>1</itemStatus>
      <LastUpdateDate />
      <LastUpdateTime />
    </Product>
    <Product>
      <PriceUpdateDate>2018/10/07 16:48</PriceUpdateDate>
      <ItemCode>554815</ItemCode>
      <ItemType>0</ItemType>
      <ItemName>גבינה מוצרלה  משק}גד{</ItemName>
      <ManufactureName>מחלבות גד</ManufactureName>
      <ManufactureCountry />
      <ManufactureItemDescription />
      <UnitQty>ק"ג</UnitQty>
      <Quantity>1</Quantity>
      <UnitMeasure />
      <BisWeighted>1</BisWeighted>
      <QtyInPackage>1</QtyInPackage>
      <ItemPrice>79.90</ItemPrice>
      <UnitOfMeasurePrice>79.90</UnitOfMeasurePrice>
      <AllowDiscount>1</AllowDiscount>
      <itemStatus>1</itemStatus>
      <LastUpdateDate />
      <LastUpdateTime />
    </Product>
    <Product>
      <PriceUpdateDate>2018/10/07 16:48</PriceUpdateDate>
      <ItemCode>7290000554822</ItemCode>
      <ItemType>1</ItemType>
      <ItemName>ריקוטה 5% בסגנון איטלקי 250 גד{</ItemName>
      <ManufactureName>מחלבות גד</ManufactureName>
      <ManufactureCountry />
      <ManufactureItemDescription />
      <UnitQty>י"ח</UnitQty>
      <Quantity>250</Quantity>
      <UnitMeasure>ל  גרם</UnitMeasure>
      <BisWeighted>0</BisWeighted>
      <QtyInPackage>1</QtyInPackage>
      <ItemPrice>13.90</ItemPrice>
      <UnitOfMeasurePrice>5.56</UnitOfMeasurePrice>
      <AllowDiscount>1</AllowDiscount>
      <itemStatus>1</itemStatus>
      <LastUpdateDate />
      <LastUpdateTime />
    </Product>
    <Product>
      <PriceUpdateDate>2018/10/10 16:44</PriceUpdateDate>
      <ItemCode>7290000554839</ItemCode>
      <ItemType>1</ItemType>
      <ItemName>מסקרפונה 250 גרם</ItemName>
      <ManufactureName>מחלבות גד</ManufactureName>
      <ManufactureCountry />
      <ManufactureItemDescription />
      <UnitQty>י"ח</UnitQty>
      <Quantity>250</Quantity>
      <UnitMeasure>ל  גרם</UnitMeasure>
      <BisWeighted>0</BisWeighted>
      <QtyInPackage>1</QtyInPackage>
      <ItemPrice>19.90</ItemPrice>
      <UnitOfMeasurePrice>7.96</UnitOfMeasurePrice>
      <AllowDiscount>1</AllowDiscount>
      <itemStatus>1</itemStatus>
      <LastUpdateDate />
      <LastUpdateTime />
    </Product>
    <Product>
      <PriceUpdateDate>2017/01/27 11:10</PriceUpdateDate>
      <ItemCode>7290003119509</ItemCode>
      <ItemType>1</ItemType>
      <ItemName>בקבוק ריק 1.20</ItemName>
      <ManufactureName>שונות /שרות</ManufactureName>
      <ManufactureCountry />
      <ManufactureItemDescription />
      <UnitQty>י"ח</UnitQty>
      <Quantity>1</Quantity>
      <UnitMeasure>י"ח</UnitMeasure>
      <BisWeighted>0</BisWeighted>
      <QtyInPackage>1</QtyInPackage>
      <ItemPrice>1.20</ItemPrice>
      <UnitOfMeasurePrice>1.20</UnitOfMeasurePrice>
      <AllowDiscount>0</AllowDiscount>
      <itemStatus>1</itemStatus>
      <LastUpdateDate />
      <LastUpdateTime />
    </Product>
    <Product>
      <PriceUpdateDate>2017/02/19 10:42</PriceUpdateDate>
      <ItemCode>555502</ItemCode>
      <ItemType>0</ItemType>
      <ItemName>אריזת פקדון(חוק  פקדון)</ItemName>
      <ManufactureName>שונות /שרות</ManufactureName>
      <ManufactureCountry />
      <ManufactureItemDescription />
      <UnitQty>י"ח</UnitQty>
      <Quantity>1</Quantity>
      <UnitMeasure />
      <BisWeighted>0</BisWeighted>
      <QtyInPackage>1</QtyInPackage>
      <ItemPrice>0.30</ItemPrice>
      <UnitOfMeasurePrice>0.30</UnitOfMeasurePrice>
      <AllowDiscount>0</AllowDiscount>
      <itemStatus>1</itemStatus>
      <LastUpdateDate />
      <LastUpdateTime />
    </Product>
    <Product>
      <PriceUpdateDate>2016/02/01 09:53</PriceUpdateDate>
      <ItemCode>555503</ItemCode>
      <ItemType>0</ItemType>
      <ItemName>פיקדון X 6</ItemName>
      <ManufactureName>שונות /שרות</ManufactureName>
      <ManufactureCountry />
      <ManufactureItemDescription />
      <UnitQty>י"ח</UnitQty>
      <Quantity>1</Quantity>
      <UnitMeasure />
      <BisWeighted>0</BisWeighted>
      <QtyInPackage>1</QtyInPackage>
      <ItemPrice>1.80</ItemPrice>
      <UnitOfMeasurePrice>1.80</UnitOfMeasurePrice>
      <AllowDiscount>0</AllowDiscount>
      <itemStatus>1</itemStatus>
      <LastUpdateDate />
      <LastUpdateTime />
    </Product>
    <Product>
      <PriceUpdateDate>2015/06/07 11:33</PriceUpdateDate>
      <ItemCode>555504</ItemCode>
      <ItemType>0</ItemType>
      <ItemName>פיקדון X 4</ItemName>
      <ManufactureName>שונות /שרות</ManufactureName>
      <ManufactureCountry />
      <ManufactureItemDescription />
      <UnitQty>י"ח</UnitQty>
      <Quantity>1</Quantity>
      <UnitMeasure />
      <BisWeighted>0</BisWeighted>
      <QtyInPackage>1</QtyInPackage>
      <ItemPrice>1.20</ItemPrice>
      <UnitOfMeasurePrice>1.20</UnitOfMeasurePrice>
      <AllowDiscount>0</AllowDiscount>
      <itemStatus>1</itemStatus>
      <LastUpdateDate />
      <LastUpdateTime />
    </Product>
    <Product>
      <PriceUpdateDate>2014/08/13 15:38</PriceUpdateDate>
      <ItemCode>555505</ItemCode>
      <ItemType>0</ItemType>
      <ItemName>פיקדון X 24</ItemName>
      <ManufactureName>שונות /שרות</ManufactureName>
      <ManufactureCountry />
      <ManufactureItemDescription />
      <UnitQty>י"ח</UnitQty>
      <Quantity>1</Quantity>
      <UnitMeasure />
      <BisWeighted>0</BisWeighted>
      <QtyInPackage>1</QtyInPackage>
      <ItemPrice>7.20</ItemPrice>
      <UnitOfMeasurePrice>7.20</UnitOfMeasurePrice>
      <AllowDiscount>0</AllowDiscount>
      <itemStatus>1</itemStatus>
      <LastUpdateDate />
      <LastUpdateTime />
    </Product>
    <Product>
      <PriceUpdateDate>2014/08/13 15:38</PriceUpdateDate>
      <ItemCode>555506</ItemCode>
      <ItemType>0</ItemType>
      <ItemName>פיקדון X 8</ItemName>
      <ManufactureName>שונות /שרות</ManufactureName>
      <ManufactureCountry />
      <ManufactureItemDescription />
      <UnitQty>י"ח</UnitQty>
      <Quantity>1</Quantity>
      <UnitMeasure />
      <BisWeighted>0</BisWeighted>
      <QtyInPackage>1</QtyInPackage>
      <ItemPrice>2.40</ItemPrice>
      <UnitOfMeasurePrice>2.40</UnitOfMeasurePrice>
      <AllowDiscount>0</AllowDiscount>
      <itemStatus>1</itemStatus>
      <LastUpdateDate />
      <LastUpdateTime />
    </Product>
    <Product>
      <PriceUpdateDate>2020/02/17 13:04</PriceUpdateDate>
      <ItemCode>7290000560533</ItemCode>
      <ItemType>1</ItemType>
      <ItemName>אדג  ג ל רגיל 200</ItemName>
      <ManufactureName>דנשר (1963) בעמ</ManufactureName>
      <ManufactureCountry />
      <ManufactureItemDescription />
      <UnitQty>י"ח</UnitQty>
      <Quantity>200</Quantity>
      <UnitMeasure>ל  גרם</UnitMeasure>
      <BisWeighted>0</BisWeighted>
      <QtyInPackage>1</QtyInPackage>
      <ItemPrice>17.90</ItemPrice>
      <UnitOfMeasurePrice>8.95</UnitOfMeasurePrice>
      <AllowDiscount>1</AllowDiscount>
      <itemStatus>1</itemStatus>
      <LastUpdateDate />
      <LastUpdateTime />
    </Product>
    <Product>
      <PriceUpdateDate>2020/04/28 15:11</PriceUpdateDate>
      <ItemCode>570160</ItemCode>
      <ItemType>0</ItemType>
      <ItemName>בטטה</ItemName>
      <ManufactureName>תוצרת המושב בעמ</ManufactureName>
      <ManufactureCountry />
      <ManufactureItemDescription />
      <UnitQty>י"ח</UnitQty>
      <Quantity>1</Quantity>
      <UnitMeasure />
      <BisWeighted>0</BisWeighted>
      <QtyInPackage>1</QtyInPackage>
      <ItemPrice>9.90</ItemPrice>
      <UnitOfMeasurePrice>9.90</UnitOfMeasurePrice>
      <AllowDiscount>0</AllowDiscount>
      <itemStatus>1</itemStatus>
      <LastUpdateDate />
      <LastUpdateTime />
    </Product>
    <Product>
      <PriceUpdateDate>2020/01/21 10:22</PriceUpdateDate>
      <ItemCode>570574</ItemCode>
      <ItemType>0</ItemType>
      <ItemName>לחמניה טונה</ItemName>
      <ManufactureName>בית הבאגט כהן בעמ</ManufactureName>
      <ManufactureCountry />
      <ManufactureItemDescription />
      <UnitQty>י"ח</UnitQty>
      <Quantity>0</Quantity>
      <UnitMeasure>י"ח</UnitMeasure>
      <BisWeighted>0</BisWeighted>
      <QtyInPackage>1</QtyInPackage>
      <ItemPrice>3.30</ItemPrice>
      <UnitOfMeasurePrice>3.30</UnitOfMeasurePrice>
      <AllowDiscount>0</AllowDiscount>
      <itemStatus>1</itemStatus>
      <LastUpdateDate />
      <LastUpdateTime />
    </Product>
    <Product>
      <PriceUpdateDate>2017/12/11 11:26</PriceUpdateDate>
      <ItemCode>571017</ItemCode>
      <ItemType>0</ItemType>
      <ItemName>צנונית</ItemName>
      <ManufactureName>רגבים עלים ירוקים בעמ</ManufactureName>
      <ManufactureCountry />
      <ManufactureItemDescription />
      <UnitQty>י"ח</UnitQty>
      <Quantity>1</Quantity>
      <UnitMeasure />
      <BisWeighted>0</BisWeighted>
      <QtyInPackage>1</QtyInPackage>
      <ItemPrice>6.90</ItemPrice>
      <UnitOfMeasurePrice>6.90</UnitOfMeasurePrice>
      <AllowDiscount>1</AllowDiscount>
      <itemStatus>1</itemStatus>
      <LastUpdateDate />
      <LastUpdateTime />
    </Product>
    <Product>
      <PriceUpdateDate>2019/10/20 10:08</PriceUpdateDate>
      <ItemCode>571026</ItemCode>
      <ItemType>0</ItemType>
      <ItemName>דלעת ארוז</ItemName>
      <ManufactureName>רגבים עלים ירוקים בעמ</ManufactureName>
      <ManufactureCountry />
      <ManufactureItemDescription />
      <UnitQty>ק"ג</UnitQty>
      <Quantity>1</Quantity>
      <UnitMeasure />
      <BisWeighted>1</BisWeighted>
      <QtyInPackage>1</QtyInPackage>
      <ItemPrice>8.90</ItemPrice>
      <UnitOfMeasurePrice>8.90</UnitOfMeasurePrice>
      <AllowDiscount>0</AllowDiscount>
      <itemStatus>1</itemStatus>
      <LastUpdateDate />
      <LastUpdateTime />
    </Product>
    <Product>
      <PriceUpdateDate>2017/06/14 08:15</PriceUpdateDate>
      <ItemCode>7290000572208</ItemCode>
      <ItemType>1</ItemType>
      <ItemName>חלווה 100 גרם</ItemName>
      <ManufactureName>אחדות בעמ</ManufactureName>
      <ManufactureCountry />
      <ManufactureItemDescription />
      <UnitQty>י"ח</UnitQty>
      <Quantity>100</Quantity>
      <UnitMeasure>ל  גרם</UnitMeasure>
      <BisWeighted>0</BisWeighted>
      <QtyInPackage>1</QtyInPackage>
      <ItemPrice>2.90</ItemPrice>
      <UnitOfMeasurePrice>2.90</UnitOfMeasurePrice>
      <AllowDiscount>0</AllowDiscount>
      <itemStatus>1</itemStatus>
      <LastUpdateDate />
      <LastUpdateTime />
    </Product>
    <Product>
      <PriceUpdateDate>2018/04/30 11:27</PriceUpdateDate>
      <ItemCode>7290000572222</ItemCode>
      <ItemType>1</ItemType>
      <ItemName>חלבה וניל 500 גרם אחווה</ItemName>
      <ManufactureName>אחדות בעמ</ManufactureName>
      <ManufactureCountry />
      <ManufactureItemDescription />
      <UnitQty>י"ח</UnitQty>
      <Quantity>500</Quantity>
      <UnitMeasure>ל  גרם</UnitMeasure>
      <BisWeighted>0</BisWeighted>
      <QtyInPackage>1</QtyInPackage>
      <ItemPrice>11.90</ItemPrice>
      <UnitOfMeasurePrice>2.38</UnitOfMeasurePrice>
      <AllowDiscount>0</AllowDiscount>
      <itemStatus>1</itemStatus>
      <LastUpdateDate />
      <LastUpdateTime />
    </Product>
    <Product>
      <PriceUpdateDate>2014/02/25 08:38</PriceUpdateDate>
      <ItemCode>7290000572529</ItemCode>
      <ItemType>1</ItemType>
      <ItemName>חלוה אחוה 400גר.</ItemName>
      <ManufactureName>אחדות בעמ</ManufactureName>
      <ManufactureCountry />
      <ManufactureItemDescription />
      <UnitQty>י"ח</UnitQty>
      <Quantity>400</Quantity>
      <UnitMeasure>ל  גרם</UnitMeasure>
      <BisWeighted>0</BisWeighted>
      <QtyInPackage>1</QtyInPackage>
      <ItemPrice>12.90</ItemPrice>
      <UnitOfMeasurePrice>3.23</UnitOfMeasurePrice>
      <AllowDiscount>0</AllowDiscount>
      <itemStatus>1</itemStatus>
      <LastUpdateDate />
      <LastUpdateTime />
    </Product>
    <Product>
      <PriceUpdateDate>2019/01/08 15:04</PriceUpdateDate>
      <ItemCode>7290000572543</ItemCode>
      <ItemType>1</ItemType>
      <ItemName>חלוה שוקו וניל</ItemName>
      <ManufactureName>אחדות בעמ</ManufactureName>
      <ManufactureCountry />
      <ManufactureItemDescription />
      <UnitQty>י"ח</UnitQty>
      <Quantity>400</Quantity>
      <UnitMeasure>ל  גרם</UnitMeasure>
      <BisWeighted>0</BisWeighted>
      <QtyInPackage>1</QtyInPackage>
      <ItemPrice>12.90</ItemPrice>
      <UnitOfMeasurePrice>3.23</UnitOfMeasurePrice>
      <AllowDiscount>0</AllowDiscount>
      <itemStatus>1</itemStatus>
      <LastUpdateDate />
      <LastUpdateTime />
    </Product>
    <Product>
      <PriceUpdateDate>2016/08/02 15:37</PriceUpdateDate>
      <ItemCode>7290000572628</ItemCode>
      <ItemType>1</ItemType>
      <ItemName>חטיפי חלוה ליט אחווה</ItemName>
      <ManufactureName>אחדות בעמ</ManufactureName>
      <ManufactureCountry />
      <ManufactureItemDescription />
      <UnitQty>י"ח</UnitQty>
      <Quantity>276</Quantity>
      <UnitMeasure>ל  גרם</UnitMeasure>
      <BisWeighted>0</BisWeighted>
      <QtyInPackage>1</QtyInPackage>
      <ItemPrice>12.90</ItemPrice>
      <UnitOfMeasurePrice>4.67</UnitOfMeasurePrice>
      <AllowDiscount>0</AllowDiscount>
      <itemStatus>1</itemStatus>
      <LastUpdateDate />
      <LastUpdateTime />
    </Product>
    <Product>
      <PriceUpdateDate>2016/08/02 15:37</PriceUpdateDate>
      <ItemCode>7290000572673</ItemCode>
      <ItemType>1</ItemType>
      <ItemName>חלבה שי עשיריות]אחוה[</ItemName>
      <ManufactureName>אחדות בעמ</ManufactureName>
      <ManufactureCountry />
      <ManufactureItemDescription />
      <UnitQty>י"ח</UnitQty>
      <Quantity>300</Quantity>
      <UnitMeasure>ל  גרם</UnitMeasure>
      <BisWeighted>0</BisWeighted>
      <QtyInPackage>1</QtyInPackage>
      <ItemPrice>12.90</ItemPrice>
      <UnitOfMeasurePrice>4.30</UnitOfMeasurePrice>
      <AllowDiscount>0</AllowDiscount>
      <itemStatus>1</itemStatus>
      <LastUpdateDate />
      <LastUpdateTime />
    </Product>
    <Product>
      <PriceUpdateDate>2015/12/08 14:17</PriceUpdateDate>
      <ItemCode>7290000572819</ItemCode>
      <ItemType>1</ItemType>
      <ItemName>טחינה  אחווה 100 טבעי 1 ק"ג</ItemName>
      <ManufactureName>אחדות בעמ</ManufactureName>
      <ManufactureCountry />
      <ManufactureItemDescription />
      <UnitQty>י"ח</UnitQty>
      <Quantity>1</Quantity>
      <UnitMeasure>ק"ג</UnitMeasure>
      <BisWeighted>0</BisWeighted>
      <QtyInPackage>1</QtyInPackage>
      <ItemPrice>19.80</ItemPrice>
      <UnitOfMeasurePrice>19.80</UnitOfMeasurePrice>
      <AllowDiscount>0</AllowDiscount>
      <itemStatus>1</itemStatus>
      <LastUpdateDate />
      <LastUpdateTime />
    </Product>
    <Product>
      <PriceUpdateDate>2019/02/11 11:39</PriceUpdateDate>
      <ItemCode>7290000574035</ItemCode>
      <ItemType>1</ItemType>
      <ItemName>לחם אחיד פרוס}דגנית{*750</ItemName>
      <ManufactureName>דגנית עין בר ~~~</ManufactureName>
      <ManufactureCountry />
      <ManufactureItemDescription />
      <UnitQty>י"ח</UnitQty>
      <Quantity>750</Quantity>
      <UnitMeasure>ל  גרם</UnitMeasure>
      <BisWeighted>0</BisWeighted>
      <QtyInPackage>1</QtyInPackage>
      <ItemPrice>6.80</ItemPrice>
      <UnitOfMeasurePrice>0.91</UnitOfMeasurePrice>
      <AllowDiscount>1</AllowDiscount>
      <itemStatus>1</itemStatus>
      <LastUpdateDate />
      <LastUpdateTime />
    </Product>
    <Product>
      <PriceUpdateDate>2019/07/28 10:38</PriceUpdateDate>
      <ItemCode>574066</ItemCode>
      <ItemType>0</ItemType>
      <ItemName>לחם מקמחים מלאים ושיפון בלבד 750גר</ItemName>
      <ManufactureName>דגנית עין בר ~~~</ManufactureName>
      <ManufactureCountry />
      <ManufactureItemDescription />
      <UnitQty>י"ח</UnitQty>
      <Quantity>750</Quantity>
      <UnitMeasure>ל  גרם</UnitMeasure>
      <BisWeighted>0</BisWeighted>
      <QtyInPackage>1</QtyInPackage>
      <ItemPrice>13.90</ItemPrice>
      <UnitOfMeasurePrice>1.85</UnitOfMeasurePrice>
      <AllowDiscount>0</AllowDiscount>
      <itemStatus>1</itemStatus>
      <LastUpdateDate />
      <LastUpdateTime />
    </Product>
    <Product>
      <PriceUpdateDate>2020/03/12 10:25</PriceUpdateDate>
      <ItemCode>574370</ItemCode>
      <ItemType>0</ItemType>
      <ItemName>לחם שיפון אמיתי קל 750גר</ItemName>
      <ManufactureName>דגנית עין בר ~~~</ManufactureName>
      <ManufactureCountry />
      <ManufactureItemDescription />
      <UnitQty>י"ח</UnitQty>
      <Quantity>750</Quantity>
      <UnitMeasure>ל  גרם</UnitMeasure>
      <BisWeighted>0</BisWeighted>
      <QtyInPackage>1</QtyInPackage>
      <ItemPrice>14.90</ItemPrice>
      <UnitOfMeasurePrice>1.99</UnitOfMeasurePrice>
      <AllowDiscount>0</AllowDiscount>
      <itemStatus>1</itemStatus>
      <LastUpdateDate />
      <LastUpdateTime />
    </Product>
    <Product>
      <PriceUpdateDate>2020/03/25 08:30</PriceUpdateDate>
      <ItemCode>7290000591742</ItemCode>
      <ItemType>1</ItemType>
      <ItemName>קמח מצות 500 גרם ראשון לציון</ItemName>
      <ManufactureName>אם החיטה</ManufactureName>
      <ManufactureCountry />
      <ManufactureItemDescription />
      <UnitQty>י"ח</UnitQty>
      <Quantity>500</Quantity>
      <UnitMeasure>ל  גרם</UnitMeasure>
      <BisWeighted>0</BisWeighted>
      <QtyInPackage>1</QtyInPackage>
      <ItemPrice>6.90</ItemPrice>
      <UnitOfMeasurePrice>1.38</UnitOfMeasurePrice>
      <AllowDiscount>0</AllowDiscount>
      <itemStatus>1</itemStatus>
      <LastUpdateDate />
      <LastUpdateTime />
    </Product>
    <Product>
      <PriceUpdateDate>2014/01/06 17:37</PriceUpdateDate>
      <ItemCode>7290000599151</ItemCode>
      <ItemType>1</ItemType>
      <ItemName>שיפודים מעץ 100 יח</ItemName>
      <ManufactureName>מ.א.ייצור ויבוא</ManufactureName>
      <ManufactureCountry />
      <ManufactureItemDescription />
      <UnitQty>י"ח</UnitQty>
      <Quantity>100</Quantity>
      <UnitMeasure>י"ח</UnitMeasure>
      <BisWeighted>0</BisWeighted>
      <QtyInPackage>1</QtyInPackage>
      <ItemPrice>2.90</ItemPrice>
      <UnitOfMeasurePrice>0.03</UnitOfMeasurePrice>
      <AllowDiscount>0</AllowDiscount>
      <itemStatus>1</itemStatus>
      <LastUpdateDate />
      <LastUpdateTime />
    </Product>
    <Product>
      <PriceUpdateDate>2017/10/08 07:30</PriceUpdateDate>
      <ItemCode>7290000599755</ItemCode>
      <ItemType>1</ItemType>
      <ItemName>מגב מתכת כחול 40 ס"מ עם מקל</ItemName>
      <ManufactureName>*** מ.א.ייצור ויבוא מטליות</ManufactureName>
      <ManufactureCountry />
      <ManufactureItemDescription />
      <UnitQty>י"ח</UnitQty>
      <Quantity>1</Quantity>
      <UnitMeasure>י"ח</UnitMeasure>
      <BisWeighted>0</BisWeighted>
      <QtyInPackage>1</QtyInPackage>
      <ItemPrice>11.90</ItemPrice>
      <UnitOfMeasurePrice>11.90</UnitOfMeasurePrice>
      <AllowDiscount>0</AllowDiscount>
      <itemStatus>1</itemStatus>
      <LastUpdateDate />
      <LastUpdateTime />
    </Product>
    <Product>
      <PriceUpdateDate>2019/01/22 12:15</PriceUpdateDate>
      <ItemCode>604121</ItemCode>
      <ItemType>0</ItemType>
      <ItemName>ביצים L 18יח</ItemName>
      <ManufactureName>תנובה ביצים</ManufactureName>
      <ManufactureCountry />
      <ManufactureItemDescription />
      <UnitQty>י"ח</UnitQty>
      <Quantity>18</Quantity>
      <UnitMeasure>י"ח</UnitMeasure>
      <BisWeighted>0</BisWeighted>
      <QtyInPackage>1</QtyInPackage>
      <ItemPrice>16.90</ItemPrice>
      <UnitOfMeasurePrice>0.94</UnitOfMeasurePrice>
      <AllowDiscount>0</AllowDiscount>
      <itemStatus>1</itemStatus>
      <LastUpdateDate />
      <LastUpdateTime />
    </Product>
    <Product>
      <PriceUpdateDate>2013/03/21 15:30</PriceUpdateDate>
      <ItemCode>7290000611884</ItemCode>
      <ItemType>1</ItemType>
      <ItemName>כבד עוף טרי ארוז</ItemName>
      <ManufactureName>ח.י. מעדני גורמה בעמ</ManufactureName>
      <ManufactureCountry />
      <ManufactureItemDescription />
      <UnitQty>ק"ג</UnitQty>
      <Quantity>1</Quantity>
      <UnitMeasure />
      <BisWeighted>1</BisWeighted>
      <QtyInPackage>1</QtyInPackage>
      <ItemPrice>29.90</ItemPrice>
      <UnitOfMeasurePrice>29.90</UnitOfMeasurePrice>
      <AllowDiscount>0</AllowDiscount>
      <itemStatus>1</itemStatus>
      <LastUpdateDate />
      <LastUpdateTime />
    </Product>
    <Product>
      <PriceUpdateDate>2020/04/20 09:04</PriceUpdateDate>
      <ItemCode>630519</ItemCode>
      <ItemType>0</ItemType>
      <ItemName>עוף טרי שלם מוכשר(קצביה)**.</ItemName>
      <ManufactureName>ח.י. מעדני גורמה בעמ</ManufactureName>
      <ManufactureCountry />
      <ManufactureItemDescription />
      <UnitQty>ק"ג</UnitQty>
      <Quantity>1</Quantity>
      <UnitMeasure>ק"ג</UnitMeasure>
      <BisWeighted>1</BisWeighted>
      <QtyInPackage>1</QtyInPackage>
      <ItemPrice>18.90</ItemPrice>
      <UnitOfMeasurePrice>18.90</UnitOfMeasurePrice>
      <AllowDiscount>0</AllowDiscount>
      <itemStatus>1</itemStatus>
      <LastUpdateDate />
      <LastUpdateTime />
    </Product>
    <Product>
      <PriceUpdateDate>2019/07/21 12:48</PriceUpdateDate>
      <ItemCode>631059</ItemCode>
      <ItemType>0</ItemType>
      <ItemName>כבד עוף  טרי(קצביה) **.</ItemName>
      <ManufactureName>ח.י. מעדני גורמה בעמ</ManufactureName>
      <ManufactureCountry />
      <ManufactureItemDescription />
      <UnitQty>ק"ג</UnitQty>
      <Quantity>1</Quantity>
      <UnitMeasure>ק"ג</UnitMeasure>
      <BisWeighted>1</BisWeighted>
      <QtyInPackage>1</QtyInPackage>
      <ItemPrice>29.90</ItemPrice>
      <UnitOfMeasurePrice>29.90</UnitOfMeasurePrice>
      <AllowDiscount>0</AllowDiscount>
      <itemStatus>1</itemStatus>
      <LastUpdateDate />
      <LastUpdateTime />
    </Product>
    <Product>
      <PriceUpdateDate>2013/12/27 10:15</PriceUpdateDate>
      <ItemCode>7290000631141</ItemCode>
      <ItemType>1</ItemType>
      <ItemName>קורקבן   עוף[קצביה]**</ItemName>
      <ManufactureName>ח.י. מעדני גורמה בעמ</ManufactureName>
      <ManufactureCountry />
      <ManufactureItemDescription />
      <UnitQty>ק"ג</UnitQty>
      <Quantity>1</Quantity>
      <UnitMeasure />
      <BisWeighted>1</BisWeighted>
      <QtyInPackage>1</QtyInPackage>
      <ItemPrice>13.90</ItemPrice>
      <UnitOfMeasurePrice>13.90</UnitOfMeasurePrice>
      <AllowDiscount>1</AllowDiscount>
      <itemStatus>1</itemStatus>
      <LastUpdateDate />
      <LastUpdateTime />
    </Product>
    <Product>
      <PriceUpdateDate>2020/03/22 13:45</PriceUpdateDate>
      <ItemCode>7290000631424</ItemCode>
      <ItemType>1</ItemType>
      <ItemName>פרגיות עוף  טרי[קצביה]**</ItemName>
      <ManufactureName>ח.י. מעדני גורמה בעמ</ManufactureName>
      <ManufactureCountry />
      <ManufactureItemDescription />
      <UnitQty>ק"ג</UnitQty>
      <Quantity>1</Quantity>
      <UnitMeasure>ק"ג</UnitMeasure>
      <BisWeighted>1</BisWeighted>
      <QtyInPackage>1</QtyInPackage>
      <ItemPrice>69.90</ItemPrice>
      <UnitOfMeasurePrice>69.90</UnitOfMeasurePrice>
      <AllowDiscount>1</AllowDiscount>
      <itemStatus>1</itemStatus>
      <LastUpdateDate />
      <LastUpdateTime />
    </Product>
    <Product>
      <PriceUpdateDate>2016/09/05 09:42</PriceUpdateDate>
      <ItemCode>7290000632209</ItemCode>
      <ItemType>1</ItemType>
      <ItemName>חזה פטם}עטרה{קפוא</ItemName>
      <ManufactureName>נטו מלינדה סחר בעמ</ManufactureName>
      <ManufactureCountry />
      <ManufactureItemDescription />
      <UnitQty>ק"ג</UnitQty>
      <Quantity>1</Quantity>
      <UnitMeasure>ק"ג</UnitMeasure>
      <BisWeighted>1</BisWeighted>
      <QtyInPackage>1</QtyInPackage>
      <ItemPrice>32.90</ItemPrice>
      <UnitOfMeasurePrice>32.90</UnitOfMeasurePrice>
      <AllowDiscount>0</AllowDiscount>
      <itemStatus>1</itemStatus>
      <LastUpdateDate />
      <LastUpdateTime />
    </Product>
    <Product>
      <PriceUpdateDate>2020/04/05 17:05</PriceUpdateDate>
      <ItemCode>632278</ItemCode>
      <ItemType>0</ItemType>
      <ItemName>שניצל עוף פרימיום  נקי ודק  דק[קצביה].</ItemName>
      <ManufactureName>ח.י. מעדני גורמה בעמ</ManufactureName>
      <ManufactureCountry />
      <ManufactureItemDescription />
      <UnitQty>ק"ג</UnitQty>
      <Quantity>1</Quantity>
      <UnitMeasure>ק"ג</UnitMeasure>
      <BisWeighted>1</BisWeighted>
      <QtyInPackage>1</QtyInPackage>
      <ItemPrice>45.90</ItemPrice>
      <UnitOfMeasurePrice>45.90</UnitOfMeasurePrice>
      <AllowDiscount>1</AllowDiscount>
      <itemStatus>1</itemStatus>
      <LastUpdateDate />
      <LastUpdateTime />
    </Product>
    <Product>
      <PriceUpdateDate>2019/07/21 12:48</PriceUpdateDate>
      <ItemCode>632308</ItemCode>
      <ItemType>0</ItemType>
      <ItemName>חזה עוף חצוי נקי טרי(קצביה )**.</ItemName>
      <ManufactureName>ח.י. מעדני גורמה בעמ</ManufactureName>
      <ManufactureCountry />
      <ManufactureItemDescription />
      <UnitQty>ק"ג</UnitQty>
      <Quantity>1</Quantity>
      <UnitMeasure />
      <BisWeighted>1</BisWeighted>
      <QtyInPackage>1</QtyInPackage>
      <ItemPrice>39.90</ItemPrice>
      <UnitOfMeasurePrice>39.90</UnitOfMeasurePrice>
      <AllowDiscount>1</AllowDiscount>
      <itemStatus>1</itemStatus>
      <LastUpdateDate />
      <LastUpdateTime />
    </Product>
    <Product>
      <PriceUpdateDate>2020/04/20 09:04</PriceUpdateDate>
      <ItemCode>7290000632452</ItemCode>
      <ItemType>1</ItemType>
      <ItemName>כרעיים עוף טרי(קצביה )**.</ItemName>
      <ManufactureName>ח.י. מעדני גורמה בעמ</ManufactureName>
      <ManufactureCountry />
      <ManufactureItemDescription />
      <UnitQty>ק"ג</UnitQty>
      <Quantity>1</Quantity>
      <UnitMeasure>ק"ג</UnitMeasure>
      <BisWeighted>1</BisWeighted>
      <QtyInPackage>1</QtyInPackage>
      <ItemPrice>27.90</ItemPrice>
      <UnitOfMeasurePrice>27.90</UnitOfMeasurePrice>
      <AllowDiscount>1</AllowDiscount>
      <itemStatus>1</itemStatus>
      <LastUpdateDate />
      <LastUpdateTime />
    </Product>
    <Product>
      <PriceUpdateDate>2020/03/18 08:15</PriceUpdateDate>
      <ItemCode>7290000632759</ItemCode>
      <ItemType>1</ItemType>
      <ItemName>שוקיים עוף טרי (קצביה)**</ItemName>
      <ManufactureName>ח.י. מעדני גורמה בעמ</ManufactureName>
      <ManufactureCountry />
      <ManufactureItemDescription />
      <UnitQty>ק"ג</UnitQty>
      <Quantity>1</Quantity>
      <UnitMeasure>ק"ג</UnitMeasure>
      <BisWeighted>1</BisWeighted>
      <QtyInPackage>1</QtyInPackage>
      <ItemPrice>39.90</ItemPrice>
      <UnitOfMeasurePrice>39.90</UnitOfMeasurePrice>
      <AllowDiscount>1</AllowDiscount>
      <itemStatus>1</itemStatus>
      <LastUpdateDate />
      <LastUpdateTime />
    </Product>
    <Product>
      <PriceUpdateDate>2017/07/31 12:23</PriceUpdateDate>
      <ItemCode>633800</ItemCode>
      <ItemType>0</ItemType>
      <ItemName>כנפיים פטם  עטרה]קפוא[</ItemName>
      <ManufactureName>נטו מלינדה סחר בעמ</ManufactureName>
      <ManufactureCountry />
      <ManufactureItemDescription />
      <UnitQty>ק"ג</UnitQty>
      <Quantity>1</Quantity>
      <UnitMeasure>ק"ג</UnitMeasure>
      <BisWeighted>1</BisWeighted>
      <QtyInPackage>1</QtyInPackage>
      <ItemPrice>14.90</ItemPrice>
      <UnitOfMeasurePrice>14.90</UnitOfMeasurePrice>
      <AllowDiscount>1</AllowDiscount>
      <itemStatus>1</itemStatus>
      <LastUpdateDate />
      <LastUpdateTime />
    </Product>
    <Product>
      <PriceUpdateDate>2020/03/22 13:45</PriceUpdateDate>
      <ItemCode>7290000633855</ItemCode>
      <ItemType>1</ItemType>
      <ItemName>כנפיים עוף  טרי מקוצבות[קצביה]</ItemName>
      <ManufactureName>ח.י. מעדני גורמה בעמ</ManufactureName>
      <ManufactureCountry />
      <ManufactureItemDescription />
      <UnitQty>ק"ג</UnitQty>
      <Quantity>1</Quantity>
      <UnitMeasure>י"ח</UnitMeasure>
      <BisWeighted>1</BisWeighted>
      <QtyInPackage>1</QtyInPackage>
      <ItemPrice>16.90</ItemPrice>
      <UnitOfMeasurePrice>16.90</UnitOfMeasurePrice>
      <AllowDiscount>1</AllowDiscount>
      <itemStatus>1</itemStatus>
      <LastUpdateDate />
      <LastUpdateTime />
    </Product>
    <Product>
      <PriceUpdateDate>2018/08/12 07:32</PriceUpdateDate>
      <ItemCode>7290000641058</ItemCode>
      <ItemType>1</ItemType>
      <ItemName>כבד הודו  טרי}קצביה{**</ItemName>
      <ManufactureName>ח.י. מעדני גורמה בעמ</ManufactureName>
      <ManufactureCountry />
      <ManufactureItemDescription />
      <UnitQty>ק"ג</UnitQty>
      <Quantity>1</Quantity>
      <UnitMeasure />
      <BisWeighted>1</BisWeighted>
      <QtyInPackage>1</QtyInPackage>
      <ItemPrice>22.90</ItemPrice>
      <UnitOfMeasurePrice>22.90</UnitOfMeasurePrice>
      <AllowDiscount>1</AllowDiscount>
      <itemStatus>1</itemStatus>
      <LastUpdateDate />
      <LastUpdateTime />
    </Product>
    <Product>
      <PriceUpdateDate>2015/11/25 09:05</PriceUpdateDate>
      <ItemCode>641751</ItemCode>
      <ItemType>0</ItemType>
      <ItemName>חזה הודו טרי נז  קצביה**</ItemName>
      <ManufactureName>ח.י. מעדני גורמה בעמ</ManufactureName>
      <ManufactureCountry />
      <ManufactureItemDescription />
      <UnitQty>ק"ג</UnitQty>
      <Quantity>1</Quantity>
      <UnitMeasure />
      <BisWeighted>1</BisWeighted>
      <QtyInPackage>1</QtyInPackage>
      <ItemPrice>34.90</ItemPrice>
      <UnitOfMeasurePrice>34.90</UnitOfMeasurePrice>
      <AllowDiscount>0</AllowDiscount>
      <itemStatus>1</itemStatus>
      <LastUpdateDate />
      <LastUpdateTime />
    </Product>
    <Product>
      <PriceUpdateDate>2016/03/28 07:55</PriceUpdateDate>
      <ItemCode>643243</ItemCode>
      <ItemType>0</ItemType>
      <ItemName>שווארמה הודו נקבה}קצביה{**</ItemName>
      <ManufactureName>ח.י. מעדני גורמה בעמ</ManufactureName>
      <ManufactureCountry />
      <ManufactureItemDescription />
      <UnitQty>ק"ג</UnitQty>
      <Quantity>1</Quantity>
      <UnitMeasure />
      <BisWeighted>1</BisWeighted>
      <QtyInPackage>1</QtyInPackage>
      <ItemPrice>64.90</ItemPrice>
      <UnitOfMeasurePrice>64.90</UnitOfMeasurePrice>
      <AllowDiscount>0</AllowDiscount>
      <itemStatus>1</itemStatus>
      <LastUpdateDate />
      <LastUpdateTime />
    </Product>
    <Product>
      <PriceUpdateDate>2019/11/04 08:18</PriceUpdateDate>
      <ItemCode>7290000643250</ItemCode>
      <ItemType>1</ItemType>
      <ItemName>עוף טרי  מפורק(קצביה)**</ItemName>
      <ManufactureName>ח.י. מעדני גורמה בעמ</ManufactureName>
      <ManufactureCountry />
      <ManufactureItemDescription />
      <UnitQty>י"ח</UnitQty>
      <Quantity>1</Quantity>
      <UnitMeasure />
      <BisWeighted>1</BisWeighted>
      <QtyInPackage>1</QtyInPackage>
      <ItemPrice>19.90</ItemPrice>
      <UnitOfMeasurePrice>19.90</UnitOfMeasurePrice>
      <AllowDiscount>0</AllowDiscount>
      <itemStatus>1</itemStatus>
      <LastUpdateDate />
      <LastUpdateTime />
    </Product>
    <Product>
      <PriceUpdateDate>2019/02/11 13:08</PriceUpdateDate>
      <ItemCode>644684</ItemCode>
      <ItemType>0</ItemType>
      <ItemName>פילה אמנון גדלים  שונים(תנובה)</ItemName>
      <ManufactureName>תנובה בשר</ManufactureName>
      <ManufactureCountry />
      <ManufactureItemDescription />
      <UnitQty>ק"ג</UnitQty>
      <Quantity>1</Quantity>
      <UnitMeasure />
      <BisWeighted>1</BisWeighted>
      <QtyInPackage>1</QtyInPackage>
      <ItemPrice>29.90</ItemPrice>
      <UnitOfMeasurePrice>29.90</UnitOfMeasurePrice>
      <AllowDiscount>0</AllowDiscount>
      <itemStatus>1</itemStatus>
      <LastUpdateDate />
      <LastUpdateTime />
    </Product>
    <Product>
      <PriceUpdateDate>2019/02/11 13:08</PriceUpdateDate>
      <ItemCode>644783</ItemCode>
      <ItemType>0</ItemType>
      <ItemName>דג סלמון קפוא מנות תנובה</ItemName>
      <ManufactureName>תנובה בשר</ManufactureName>
      <ManufactureCountry />
      <ManufactureItemDescription />
      <UnitQty>ק"ג</UnitQty>
      <Quantity>1</Quantity>
      <UnitMeasure>ק"ג</UnitMeasure>
      <BisWeighted>1</BisWeighted>
      <QtyInPackage>1</QtyInPackage>
      <ItemPrice>79.90</ItemPrice>
      <UnitOfMeasurePrice>79.90</UnitOfMeasurePrice>
      <AllowDiscount>0</AllowDiscount>
      <itemStatus>1</itemStatus>
      <LastUpdateDate />
      <LastUpdateTime />
    </Product>
    <Product>
      <PriceUpdateDate>2020/02/19 12:02</PriceUpdateDate>
      <ItemCode>652542</ItemCode>
      <ItemType>0</ItemType>
      <ItemName>פילה אמנון 5-7 1005 דג פרמיום</ItemName>
      <ManufactureName>תנובה בשר</ManufactureName>
      <ManufactureCountry />
      <ManufactureItemDescription />
      <UnitQty>ק"ג</UnitQty>
      <Quantity>1</Quantity>
      <UnitMeasure />
      <BisWeighted>1</BisWeighted>
      <QtyInPackage>1</QtyInPackage>
      <ItemPrice>39.90</ItemPrice>
      <UnitOfMeasurePrice>39.90</UnitOfMeasurePrice>
      <AllowDiscount>1</AllowDiscount>
      <itemStatus>1</itemStatus>
      <LastUpdateDate />
      <LastUpdateTime />
    </Product>
    <Product>
      <PriceUpdateDate>2020/04/24 10:22</PriceUpdateDate>
      <ItemCode>654935</ItemCode>
      <ItemType>0</ItemType>
      <ItemName>שיפודי פרגיות קפוא</ItemName>
      <ManufactureName>עוף ירושלים שיווק (עסקאות)</ManufactureName>
      <ManufactureCountry />
      <ManufactureItemDescription />
      <UnitQty>ק"ג</UnitQty>
      <Quantity>1</Quantity>
      <UnitMeasure />
      <BisWeighted>1</BisWeighted>
      <QtyInPackage>1</QtyInPackage>
      <ItemPrice>54.90</ItemPrice>
      <UnitOfMeasurePrice>54.90</UnitOfMeasurePrice>
      <AllowDiscount>0</AllowDiscount>
      <itemStatus>1</itemStatus>
      <LastUpdateDate />
      <LastUpdateTime />
    </Product>
    <Product>
      <PriceUpdateDate>2018/10/07 17:55</PriceUpdateDate>
      <ItemCode>662213</ItemCode>
      <ItemType>0</ItemType>
      <ItemName>נתח פילה סלמון מנה בודדת</ItemName>
      <ManufactureName>תנובה בשר</ManufactureName>
      <ManufactureCountry />
      <ManufactureItemDescription />
      <UnitQty>ק"ג</UnitQty>
      <Quantity>1</Quantity>
      <UnitMeasure>ק"ג</UnitMeasure>
      <BisWeighted>1</BisWeighted>
      <QtyInPackage>1</QtyInPackage>
      <ItemPrice>99.90</ItemPrice>
      <UnitOfMeasurePrice>99.90</UnitOfMeasurePrice>
      <AllowDiscount>0</AllowDiscount>
      <itemStatus>1</itemStatus>
      <LastUpdateDate />
      <LastUpdateTime />
    </Product>
    <Product>
      <PriceUpdateDate>2018/11/22 11:31</PriceUpdateDate>
      <ItemCode>688381</ItemCode>
      <ItemType>0</ItemType>
      <ItemName>מי עדן שישיה 0.5 ליטר</ItemName>
      <ManufactureName>יפאורה שותפות מוגבלת לשיווק</ManufactureName>
      <ManufactureCountry />
      <ManufactureItemDescription />
      <UnitQty>י"ח</UnitQty>
      <Quantity>3</Quantity>
      <UnitMeasure>ליטר</UnitMeasure>
      <BisWeighted>0</BisWeighted>
      <QtyInPackage>1</QtyInPackage>
      <ItemPrice>15.70</ItemPrice>
      <UnitOfMeasurePrice>4.63</UnitOfMeasurePrice>
      <AllowDiscount>0</AllowDiscount>
      <itemStatus>1</itemStatus>
      <LastUpdateDate />
      <LastUpdateTime />
    </Product>
    <Product>
      <PriceUpdateDate>2016/02/15 12:25</PriceUpdateDate>
      <ItemCode>688503</ItemCode>
      <ItemType>0</ItemType>
      <ItemName>מי עדן שישייה ג ים 750 מ"ל</ItemName>
      <ManufactureName>יפאורה שותפות מוגבלת לשיווק</ManufactureName>
      <ManufactureCountry />
      <ManufactureItemDescription />
      <UnitQty>י"ח</UnitQty>
      <Quantity>4.50</Quantity>
      <UnitMeasure>ליטר</UnitMeasure>
      <BisWeighted>0</BisWeighted>
      <QtyInPackage>1</QtyInPackage>
      <ItemPrice>17.70</ItemPrice>
      <UnitOfMeasurePrice>3.53</UnitOfMeasurePrice>
      <AllowDiscount>1</AllowDiscount>
      <itemStatus>1</itemStatus>
      <LastUpdateDate />
      <LastUpdateTime />
    </Product>
    <Product>
      <PriceUpdateDate>2015/07/13 09:14</PriceUpdateDate>
      <ItemCode>7290000688732</ItemCode>
      <ItemType>1</ItemType>
      <ItemName>מי עדן 1.5 ליטר שישיה</ItemName>
      <ManufactureName>יפאורה שותפות מוגבלת לשיווק</ManufactureName>
      <ManufactureCountry />
      <ManufactureItemDescription />
      <UnitQty>י"ח</UnitQty>
      <Quantity>9</Quantity>
      <UnitMeasure>ליטר</UnitMeasure>
      <BisWeighted>0</BisWeighted>
      <QtyInPackage>1</QtyInPackage>
      <ItemPrice>11.90</ItemPrice>
      <UnitOfMeasurePrice>1.32</UnitOfMeasurePrice>
      <AllowDiscount>0</AllowDiscount>
      <itemStatus>1</itemStatus>
      <LastUpdateDate />
      <LastUpdateTime />
    </Product>
    <Product>
      <PriceUpdateDate>2016/11/29 10:55</PriceUpdateDate>
      <ItemCode>7290000692456</ItemCode>
      <ItemType>1</ItemType>
      <ItemName>אג קס חלונות+רפי</ItemName>
      <ManufactureName>ש.שסטוביץ בעמ</ManufactureName>
      <ManufactureCountry />
      <ManufactureItemDescription />
      <UnitQty>י"ח</UnitQty>
      <Quantity>1.50</Quantity>
      <UnitMeasure>ליטר</UnitMeasure>
      <BisWeighted>0</BisWeighted>
      <QtyInPackage>1</QtyInPackage>
      <ItemPrice>23.90</ItemPrice>
      <UnitOfMeasurePrice>15.93</UnitOfMeasurePrice>
      <AllowDiscount>0</AllowDiscount>
      <itemStatus>1</itemStatus>
      <LastUpdateDate />
      <LastUpdateTime />
    </Product>
    <Product>
      <PriceUpdateDate>2017/06/01 08:41</PriceUpdateDate>
      <ItemCode>7290000803180</ItemCode>
      <ItemType>1</ItemType>
      <ItemName>מרידול מי פה</ItemName>
      <ManufactureName>ש.שסטוביץ בעמ</ManufactureName>
      <ManufactureCountry />
      <ManufactureItemDescription />
      <UnitQty>י"ח</UnitQty>
      <Quantity>400</Quantity>
      <UnitMeasure>ל  מ"ל</UnitMeasure>
      <BisWeighted>0</BisWeighted>
      <QtyInPackage>1</QtyInPackage>
      <ItemPrice>29.90</ItemPrice>
      <UnitOfMeasurePrice>7.48</UnitOfMeasurePrice>
      <AllowDiscount>0</AllowDiscount>
      <itemStatus>1</itemStatus>
      <LastUpdateDate />
      <LastUpdateTime />
    </Product>
    <Product>
      <PriceUpdateDate>2020/03/30 08:58</PriceUpdateDate>
      <ItemCode>852012</ItemCode>
      <ItemType>0</ItemType>
      <ItemName>סט 3 מסכות הגנה 3 שכבות</ItemName>
      <ManufactureName>אפריקנה ספרד בעמ</ManufactureName>
      <ManufactureCountry />
      <ManufactureItemDescription />
      <UnitQty>י"ח</UnitQty>
      <Quantity>1</Quantity>
      <UnitMeasure />
      <BisWeighted>0</BisWeighted>
      <QtyInPackage>1</QtyInPackage>
      <ItemPrice>9.90</ItemPrice>
      <UnitOfMeasurePrice>9.90</UnitOfMeasurePrice>
      <AllowDiscount>0</AllowDiscount>
      <itemStatus>1</itemStatus>
      <LastUpdateDate />
      <LastUpdateTime />
    </Product>
    <Product>
      <PriceUpdateDate>2013/12/11 15:24</PriceUpdateDate>
      <ItemCode>7290000913551</ItemCode>
      <ItemType>1</ItemType>
      <ItemName>פסטרמה הכפר 400 גרם</ItemName>
      <ManufactureName>תנובה בשר</ManufactureName>
      <ManufactureCountry />
      <ManufactureItemDescription />
      <UnitQty>י"ח</UnitQty>
      <Quantity>400</Quantity>
      <UnitMeasure>ל  גרם</UnitMeasure>
      <BisWeighted>0</BisWeighted>
      <QtyInPackage>1</QtyInPackage>
      <ItemPrice>21.90</ItemPrice>
      <UnitOfMeasurePrice>5.48</UnitOfMeasurePrice>
      <AllowDiscount>0</AllowDiscount>
      <itemStatus>1</itemStatus>
      <LastUpdateDate />
      <LastUpdateTime />
    </Product>
    <Product>
      <PriceUpdateDate>2020/04/19 14:29</PriceUpdateDate>
      <ItemCode>961804</ItemCode>
      <ItemType>0</ItemType>
      <ItemName>דלעת ארוזה</ItemName>
      <ManufactureName>ביכורי הנגב מ.ד בעמ</ManufactureName>
      <ManufactureCountry />
      <ManufactureItemDescription />
      <UnitQty>ק"ג</UnitQty>
      <Quantity>1</Quantity>
      <UnitMeasure />
      <BisWeighted>1</BisWeighted>
      <QtyInPackage>1</QtyInPackage>
      <ItemPrice>13.90</ItemPrice>
      <UnitOfMeasurePrice>13.90</UnitOfMeasurePrice>
      <AllowDiscount>0</AllowDiscount>
      <itemStatus>1</itemStatus>
      <LastUpdateDate />
      <LastUpdateTime />
    </Product>
    <Product>
      <PriceUpdateDate>2019/11/11 09:23</PriceUpdateDate>
      <ItemCode>990261</ItemCode>
      <ItemType>0</ItemType>
      <ItemName>חומוס 1 ק"ג סוגת.</ItemName>
      <ManufactureName>סוגת תעשיות בעמ</ManufactureName>
      <ManufactureCountry />
      <ManufactureItemDescription />
      <UnitQty>י"ח</UnitQty>
      <Quantity>1</Quantity>
      <UnitMeasure>ק"ג</UnitMeasure>
      <BisWeighted>0</BisWeighted>
      <QtyInPackage>1</QtyInPackage>
      <ItemPrice>12.90</ItemPrice>
      <UnitOfMeasurePrice>12.90</UnitOfMeasurePrice>
      <AllowDiscount>0</AllowDiscount>
      <itemStatus>1</itemStatus>
      <LastUpdateDate />
      <LastUpdateTime />
    </Product>
    <Product>
      <PriceUpdateDate>2020/01/08 09:06</PriceUpdateDate>
      <ItemCode>993195</ItemCode>
      <ItemType>0</ItemType>
      <ItemName>ענבים לבנים מארז</ItemName>
      <ManufactureName>ביכורי הנגב מ.ד בעמ</ManufactureName>
      <ManufactureCountry />
      <ManufactureItemDescription />
      <UnitQty>ק"ג</UnitQty>
      <Quantity>1</Quantity>
      <UnitMeasure />
      <BisWeighted>1</BisWeighted>
      <QtyInPackage>1</QtyInPackage>
      <ItemPrice>19.90</ItemPrice>
      <UnitOfMeasurePrice>19.90</UnitOfMeasurePrice>
      <AllowDiscount>0</AllowDiscount>
      <itemStatus>1</itemStatus>
      <LastUpdateDate />
      <LastUpdateTime />
    </Product>
    <Product>
      <PriceUpdateDate>2013/12/20 10:00</PriceUpdateDate>
      <ItemCode>995410</ItemCode>
      <ItemType>0</ItemType>
      <ItemName>נבטים</ItemName>
      <ManufactureName>ביכורי הנגב מ.ד בעמ</ManufactureName>
      <ManufactureCountry />
      <ManufactureItemDescription />
      <UnitQty>י"ח</UnitQty>
      <Quantity>1</Quantity>
      <UnitMeasure />
      <BisWeighted>0</BisWeighted>
      <QtyInPackage>1</QtyInPackage>
      <ItemPrice>6.90</ItemPrice>
      <UnitOfMeasurePrice>6.90</UnitOfMeasurePrice>
      <AllowDiscount>0</AllowDiscount>
      <itemStatus>1</itemStatus>
      <LastUpdateDate />
      <LastUpdateTime />
    </Product>
    <Product>
      <PriceUpdateDate>2013/12/11 16:28</PriceUpdateDate>
      <ItemCode>7290001041147</ItemCode>
      <ItemType>1</ItemType>
      <ItemName>חומוס גדול 1 ק"ג מיה</ItemName>
      <ManufactureName>מיה תעשיות מזון מ.ת.מ בעמ</ManufactureName>
      <ManufactureCountry />
      <ManufactureItemDescription />
      <UnitQty>י"ח</UnitQty>
      <Quantity>1</Quantity>
      <UnitMeasure>ק"ג</UnitMeasure>
      <BisWeighted>0</BisWeighted>
      <QtyInPackage>1</QtyInPackage>
      <ItemPrice>13.30</ItemPrice>
      <UnitOfMeasurePrice>13.30</UnitOfMeasurePrice>
      <AllowDiscount>0</AllowDiscount>
      <itemStatus>1</itemStatus>
      <LastUpdateDate />
      <LastUpdateTime />
    </Product>
    <Product>
      <PriceUpdateDate>2015/02/23 09:13</PriceUpdateDate>
      <ItemCode>7290001041208</ItemCode>
      <ItemType>1</ItemType>
      <ItemName>עדשים ירוקים 1 ק"ג מיה</ItemName>
      <ManufactureName>מיה תעשיות מזון מ.ת.מ בעמ</ManufactureName>
      <ManufactureCountry />
      <ManufactureItemDescription />
      <UnitQty>י"ח</UnitQty>
      <Quantity>1</Quantity>
      <UnitMeasure>ק"ג</UnitMeasure>
      <BisWeighted>0</BisWeighted>
      <QtyInPackage>1</QtyInPackage>
      <ItemPrice>14.90</ItemPrice>
      <UnitOfMeasurePrice>14.90</UnitOfMeasurePrice>
      <AllowDiscount>0</AllowDiscount>
      <itemStatus>1</itemStatus>
      <LastUpdateDate />
      <LastUpdateTime />
    </Product>
    <Product>
      <PriceUpdateDate>2017/02/06 09:43</PriceUpdateDate>
      <ItemCode>7290001045169</ItemCode>
      <ItemType>1</ItemType>
      <ItemName>מיץ תפוחים צלול 1 ליטר</ItemName>
      <ManufactureName>שטראוס גרופ ***בעמ</ManufactureName>
      <ManufactureCountry />
      <ManufactureItemDescription />
      <UnitQty>י"ח</UnitQty>
      <Quantity>1</Quantity>
      <UnitMeasure>ליטר</UnitMeasure>
      <BisWeighted>0</BisWeighted>
      <QtyInPackage>1</QtyInPackage>
      <ItemPrice>14.80</ItemPrice>
      <UnitOfMeasurePrice>14.80</UnitOfMeasurePrice>
      <AllowDiscount>0</AllowDiscount>
      <itemStatus>1</itemStatus>
      <LastUpdateDate />
      <LastUpdateTime />
    </Product>
    <Product>
      <PriceUpdateDate>2017/02/06 09:50</PriceUpdateDate>
      <ItemCode>7290001045220</ItemCode>
      <ItemType>1</ItemType>
      <ItemName>פרימור תפוזים 2 ל  סחוט</ItemName>
      <ManufactureName>שטראוס גרופ ***בעמ</ManufactureName>
      <ManufactureCountry />
      <ManufactureItemDescription />
      <UnitQty>י"ח</UnitQty>
      <Quantity>2</Quantity>
      <UnitMeasure>ליטר</UnitMeasure>
      <BisWeighted>0</BisWeighted>
      <QtyInPackage>1</QtyInPackage>
      <ItemPrice>24.90</ItemPrice>
      <UnitOfMeasurePrice>12.45</UnitOfMeasurePrice>
      <AllowDiscount>0</AllowDiscount>
      <itemStatus>1</itemStatus>
      <LastUpdateDate />
      <LastUpdateTime />
    </Product>
    <Product>
      <PriceUpdateDate>2017/02/06 09:50</PriceUpdateDate>
      <ItemCode>7290001045237</ItemCode>
      <ItemType>1</ItemType>
      <ItemName>פרימור לימון+נענע 2 ל</ItemName>
      <ManufactureName>שטראוס גרופ ***בעמ</ManufactureName>
      <ManufactureCountry />
      <ManufactureItemDescription />
      <UnitQty>י"ח</UnitQty>
      <Quantity>2</Quantity>
      <UnitMeasure>ליטר</UnitMeasure>
      <BisWeighted>0</BisWeighted>
      <QtyInPackage>1</QtyInPackage>
      <ItemPrice>24.90</ItemPrice>
      <UnitOfMeasurePrice>12.45</UnitOfMeasurePrice>
      <AllowDiscount>0</AllowDiscount>
      <itemStatus>1</itemStatus>
      <LastUpdateDate />
      <LastUpdateTime />
    </Product>
    <Product>
      <PriceUpdateDate>2017/02/06 09:51</PriceUpdateDate>
      <ItemCode>7290001045763</ItemCode>
      <ItemType>1</ItemType>
      <ItemName>מיץ תפוחים צלול 2 לפרימור</ItemName>
      <ManufactureName>שטראוס גרופ ***בעמ</ManufactureName>
      <ManufactureCountry />
      <ManufactureItemDescription />
      <UnitQty>י"ח</UnitQty>
      <Quantity>2</Quantity>
      <UnitMeasure>ליטר</UnitMeasure>
      <BisWeighted>0</BisWeighted>
      <QtyInPackage>1</QtyInPackage>
      <ItemPrice>24.90</ItemPrice>
      <UnitOfMeasurePrice>12.45</UnitOfMeasurePrice>
      <AllowDiscount>0</AllowDiscount>
      <itemStatus>1</itemStatus>
      <LastUpdateDate />
      <LastUpdateTime />
    </Product>
    <Product>
      <PriceUpdateDate>2016/11/13 10:22</PriceUpdateDate>
      <ItemCode>7290001050064</ItemCode>
      <ItemType>1</ItemType>
      <ItemName>אבקת סוכר פרימיום 1ק"ג</ItemName>
      <ManufactureName>נאמן לאורך זמן בעמ</ManufactureName>
      <ManufactureCountry />
      <ManufactureItemDescription />
      <UnitQty>י"ח</UnitQty>
      <Quantity>1</Quantity>
      <UnitMeasure>ק"ג</UnitMeasure>
      <BisWeighted>0</BisWeighted>
      <QtyInPackage>1</QtyInPackage>
      <ItemPrice>10.90</ItemPrice>
      <UnitOfMeasurePrice>10.90</UnitOfMeasurePrice>
      <AllowDiscount>0</AllowDiscount>
      <itemStatus>1</itemStatus>
      <LastUpdateDate />
      <LastUpdateTime />
    </Product>
    <Product>
      <PriceUpdateDate>2013/01/30 10:44</PriceUpdateDate>
      <ItemCode>1121023</ItemCode>
      <ItemType>0</ItemType>
      <ItemName>פסטרמה של פעם(יחיעם{</ItemName>
      <ManufactureName>מעדני יחיעם 1993 בעמ</ManufactureName>
      <ManufactureCountry />
      <ManufactureItemDescription />
      <UnitQty>ק"ג</UnitQty>
      <Quantity>1</Quantity>
      <UnitMeasure />
      <BisWeighted>1</BisWeighted>
      <QtyInPackage>1</QtyInPackage>
      <ItemPrice>77.90</ItemPrice>
      <UnitOfMeasurePrice>77.90</UnitOfMeasurePrice>
      <AllowDiscount>0</AllowDiscount>
      <itemStatus>1</itemStatus>
      <LastUpdateDate />
      <LastUpdateTime />
    </Product>
    <Product>
      <PriceUpdateDate>2019/07/28 14:12</PriceUpdateDate>
      <ItemCode>1121047</ItemCode>
      <ItemType>0</ItemType>
      <ItemName>קצוות קבנוס 500גר</ItemName>
      <ManufactureName>מעדני יחיעם 1993 בעמ</ManufactureName>
      <ManufactureCountry />
      <ManufactureItemDescription />
      <UnitQty>י"ח</UnitQty>
      <Quantity>500</Quantity>
      <UnitMeasure>ל  גרם</UnitMeasure>
      <BisWeighted>0</BisWeighted>
      <QtyInPackage>1</QtyInPackage>
      <ItemPrice>16.90</ItemPrice>
      <UnitOfMeasurePrice>3.38</UnitOfMeasurePrice>
      <AllowDiscount>0</AllowDiscount>
      <itemStatus>1</itemStatus>
      <LastUpdateDate />
      <LastUpdateTime />
    </Product>
    <Product>
      <PriceUpdateDate>2013/10/31 17:03</PriceUpdateDate>
      <ItemCode>1121931</ItemCode>
      <ItemType>0</ItemType>
      <ItemName>קבנוס מקסיקני דק דק  125גר</ItemName>
      <ManufactureName>מעדני יחיעם 1993 בעמ</ManufactureName>
      <ManufactureCountry />
      <ManufactureItemDescription />
      <UnitQty>י"ח</UnitQty>
      <Quantity>125</Quantity>
      <UnitMeasure>ל  גרם</UnitMeasure>
      <BisWeighted>0</BisWeighted>
      <QtyInPackage>1</QtyInPackage>
      <ItemPrice>14.90</ItemPrice>
      <UnitOfMeasurePrice>11.92</UnitOfMeasurePrice>
      <AllowDiscount>1</AllowDiscount>
      <itemStatus>1</itemStatus>
      <LastUpdateDate />
      <LastUpdateTime />
    </Product>
    <Product>
      <PriceUpdateDate>2020/02/10 00:20</PriceUpdateDate>
      <ItemCode>7290001123775</ItemCode>
      <ItemType>1</ItemType>
      <ItemName>שווארמה אמיתית טיבון ויל</ItemName>
      <ManufactureName>נטו מלינדה סחר בעמ</ManufactureName>
      <ManufactureCountry />
      <ManufactureItemDescription />
      <UnitQty>י"ח</UnitQty>
      <Quantity>500</Quantity>
      <UnitMeasure>ל  גרם</UnitMeasure>
      <BisWeighted>0</BisWeighted>
      <QtyInPackage>1</QtyInPackage>
      <ItemPrice>28.90</ItemPrice>
      <UnitOfMeasurePrice>5.78</UnitOfMeasurePrice>
      <AllowDiscount>1</AllowDiscount>
      <itemStatus>1</itemStatus>
      <LastUpdateDate />
      <LastUpdateTime />
    </Product>
    <Product>
      <PriceUpdateDate>2020/02/10 00:20</PriceUpdateDate>
      <ItemCode>7290001123782</ItemCode>
      <ItemType>1</ItemType>
      <ItemName>שווארמה הודו טיבון ויל</ItemName>
      <ManufactureName>נטו מלינדה סחר בעמ</ManufactureName>
      <ManufactureCountry />
      <ManufactureItemDescription />
      <UnitQty>י"ח</UnitQty>
      <Quantity>500</Quantity>
      <UnitMeasure>ל  גרם</UnitMeasure>
      <BisWeighted>0</BisWeighted>
      <QtyInPackage>1</QtyInPackage>
      <ItemPrice>28.90</ItemPrice>
      <UnitOfMeasurePrice>5.78</UnitOfMeasurePrice>
      <AllowDiscount>1</AllowDiscount>
      <itemStatus>1</itemStatus>
      <LastUpdateDate />
      <LastUpdateTime />
    </Product>
    <Product>
      <PriceUpdateDate>2013/12/23 14:27</PriceUpdateDate>
      <ItemCode>7290001124536</ItemCode>
      <ItemType>1</ItemType>
      <ItemName>מג יק טעם תירס בכוס</ItemName>
      <ManufactureName>נטו מלינדה סחר בעמ</ManufactureName>
      <ManufactureCountry />
      <ManufactureItemDescription />
      <UnitQty>י"ח</UnitQty>
      <Quantity>70</Quantity>
      <UnitMeasure>ל  גרם</UnitMeasure>
      <BisWeighted>0</BisWeighted>
      <QtyInPackage>1</QtyInPackage>
      <ItemPrice>3.90</ItemPrice>
      <UnitOfMeasurePrice>5.57</UnitOfMeasurePrice>
      <AllowDiscount>1</AllowDiscount>
      <itemStatus>1</itemStatus>
      <LastUpdateDate />
      <LastUpdateTime />
    </Product>
    <Product>
      <PriceUpdateDate>2013/06/04 15:51</PriceUpdateDate>
      <ItemCode>7290001124611</ItemCode>
      <ItemType>1</ItemType>
      <ItemName>שומן כבש 200 ג</ItemName>
      <ManufactureName>נטו מלינדה סחר בעמ</ManufactureName>
      <ManufactureCountry />
      <ManufactureItemDescription />
      <UnitQty>י"ח</UnitQty>
      <Quantity>200</Quantity>
      <UnitMeasure>ל  גרם</UnitMeasure>
      <BisWeighted>0</BisWeighted>
      <QtyInPackage>1</QtyInPackage>
      <ItemPrice>22.20</ItemPrice>
      <UnitOfMeasurePrice>11.10</UnitOfMeasurePrice>
      <AllowDiscount>0</AllowDiscount>
      <itemStatus>1</itemStatus>
      <LastUpdateDate />
      <LastUpdateTime />
    </Product>
    <Product>
      <PriceUpdateDate>2020/04/01 09:32</PriceUpdateDate>
      <ItemCode>1133705</ItemCode>
      <ItemType>0</ItemType>
      <ItemName>לקט ירקות העונה  2.5ק"ג</ItemName>
      <ManufactureName>בלדי בעמ</ManufactureName>
      <ManufactureCountry />
      <ManufactureItemDescription />
      <UnitQty>י"ח</UnitQty>
      <Quantity>2.50</Quantity>
      <UnitMeasure>ק"ג</UnitMeasure>
      <BisWeighted>0</BisWeighted>
      <QtyInPackage>1</QtyInPackage>
      <ItemPrice>29.90</ItemPrice>
      <UnitOfMeasurePrice>11.96</UnitOfMeasurePrice>
      <AllowDiscount>0</AllowDiscount>
      <itemStatus>1</itemStatus>
      <LastUpdateDate />
      <LastUpdateTime />
    </Product>
    <Product>
      <PriceUpdateDate>2017/11/08 15:13</PriceUpdateDate>
      <ItemCode>1134153</ItemCode>
      <ItemType>0</ItemType>
      <ItemName>גרון  הודו קפוא  ארוז</ItemName>
      <ManufactureName>טל-הל יסכה בעמ</ManufactureName>
      <ManufactureCountry />
      <ManufactureItemDescription />
      <UnitQty>ק"ג</UnitQty>
      <Quantity>1</Quantity>
      <UnitMeasure />
      <BisWeighted>1</BisWeighted>
      <QtyInPackage>1</QtyInPackage>
      <ItemPrice>13.90</ItemPrice>
      <UnitOfMeasurePrice>13.90</UnitOfMeasurePrice>
      <AllowDiscount>1</AllowDiscount>
      <itemStatus>1</itemStatus>
      <LastUpdateDate />
      <LastUpdateTime />
    </Product>
    <Product>
      <PriceUpdateDate>2019/02/21 10:38</PriceUpdateDate>
      <ItemCode>7290001136287</ItemCode>
      <ItemType>1</ItemType>
      <ItemName>שמפו נקה 7 לשיער רגיל</ItemName>
      <ManufactureName>החב הדרומית לשיווק</ManufactureName>
      <ManufactureCountry />
      <ManufactureItemDescription />
      <UnitQty>י"ח</UnitQty>
      <Quantity>750</Quantity>
      <UnitMeasure>ל  מ"ל</UnitMeasure>
      <BisWeighted>0</BisWeighted>
      <QtyInPackage>1</QtyInPackage>
      <ItemPrice>10.90</ItemPrice>
      <UnitOfMeasurePrice>1.45</UnitOfMeasurePrice>
      <AllowDiscount>1</AllowDiscount>
      <itemStatus>1</itemStatus>
      <LastUpdateDate />
      <LastUpdateTime />
    </Product>
    <Product>
      <PriceUpdateDate>2019/02/21 10:38</PriceUpdateDate>
      <ItemCode>7290001136294</ItemCode>
      <ItemType>1</ItemType>
      <ItemName>שמפו נקה 7 לשיער יבש 750 מ"ל </ItemName>
      <ManufactureName>החב הדרומית לשיווק</ManufactureName>
      <ManufactureCountry />
      <ManufactureItemDescription />
      <UnitQty>י"ח</UnitQty>
      <Quantity>750</Quantity>
      <UnitMeasure>ל  מ"ל</UnitMeasure>
      <BisWeighted>0</BisWeighted>
      <QtyInPackage>1</QtyInPackage>
      <ItemPrice>10.90</ItemPrice>
      <UnitOfMeasurePrice>1.45</UnitOfMeasurePrice>
      <AllowDiscount>1</AllowDiscount>
      <itemStatus>1</itemStatus>
      <LastUpdateDate />
      <LastUpdateTime />
    </Product>
    <Product>
      <PriceUpdateDate>2020/01/13 10:42</PriceUpdateDate>
      <ItemCode>7290001136300</ItemCode>
      <ItemType>1</ItemType>
      <ItemName>שמפו נקה 7 ומרכך לסירוק קך</ItemName>
      <ManufactureName>החב הדרומית לשיווק</ManufactureName>
      <ManufactureCountry />
      <ManufactureItemDescription />
      <UnitQty>י"ח</UnitQty>
      <Quantity>750</Quantity>
      <UnitMeasure>ל  מ"ל</UnitMeasure>
      <BisWeighted>0</BisWeighted>
      <QtyInPackage>1</QtyInPackage>
      <ItemPrice>10.90</ItemPrice>
      <UnitOfMeasurePrice>1.45</UnitOfMeasurePrice>
      <AllowDiscount>1</AllowDiscount>
      <itemStatus>1</itemStatus>
      <LastUpdateDate />
      <LastUpdateTime />
    </Product>
    <Product>
      <PriceUpdateDate>2019/02/21 10:38</PriceUpdateDate>
      <ItemCode>7290001136683</ItemCode>
      <ItemType>1</ItemType>
      <ItemName>מרכך נקה -7 לשיער רגיל ירוק</ItemName>
      <ManufactureName>החב הדרומית לשיווק</ManufactureName>
      <ManufactureCountry />
      <ManufactureItemDescription />
      <UnitQty>י"ח</UnitQty>
      <Quantity>750</Quantity>
      <UnitMeasure>ל  מ"ל</UnitMeasure>
      <BisWeighted>0</BisWeighted>
      <QtyInPackage>1</QtyInPackage>
      <ItemPrice>10.90</ItemPrice>
      <UnitOfMeasurePrice>1.45</UnitOfMeasurePrice>
      <AllowDiscount>1</AllowDiscount>
      <itemStatus>1</itemStatus>
      <LastUpdateDate />
      <LastUpdateTime />
    </Product>
    <Product>
      <PriceUpdateDate>2019/01/21 12:19</PriceUpdateDate>
      <ItemCode>1201589</ItemCode>
      <ItemType>0</ItemType>
      <ItemName>ביצים L 12 יח*</ItemName>
      <ManufactureName>מ.לסר בעמ</ManufactureName>
      <ManufactureCountry />
      <ManufactureItemDescription />
      <UnitQty>י"ח</UnitQty>
      <Quantity>12</Quantity>
      <UnitMeasure>י"ח</UnitMeasure>
      <BisWeighted>0</BisWeighted>
      <QtyInPackage>1</QtyInPackage>
      <ItemPrice>11.30</ItemPrice>
      <UnitOfMeasurePrice>0.94</UnitOfMeasurePrice>
      <AllowDiscount>0</AllowDiscount>
      <itemStatus>1</itemStatus>
      <LastUpdateDate />
      <LastUpdateTime />
    </Product>
    <Product>
      <PriceUpdateDate>2019/01/21 12:19</PriceUpdateDate>
      <ItemCode>1201596</ItemCode>
      <ItemType>0</ItemType>
      <ItemName>ביצים M 12 יח*</ItemName>
      <ManufactureName>מ.לסר בעמ</ManufactureName>
      <ManufactureCountry />
      <ManufactureItemDescription />
      <UnitQty>י"ח</UnitQty>
      <Quantity>12</Quantity>
      <UnitMeasure>י"ח</UnitMeasure>
      <BisWeighted>0</BisWeighted>
      <QtyInPackage>1</QtyInPackage>
      <ItemPrice>10.40</ItemPrice>
      <UnitOfMeasurePrice>0.87</UnitOfMeasurePrice>
      <AllowDiscount>0</AllowDiscount>
      <itemStatus>1</itemStatus>
      <LastUpdateDate />
      <LastUpdateTime />
    </Product>
    <Product>
      <PriceUpdateDate>2019/01/21 12:19</PriceUpdateDate>
      <ItemCode>1201602</ItemCode>
      <ItemType>0</ItemType>
      <ItemName>ביצים L 18יח</ItemName>
      <ManufactureName>מ.לסר בעמ</ManufactureName>
      <ManufactureCountry />
      <ManufactureItemDescription />
      <UnitQty>י"ח</UnitQty>
      <Quantity>18</Quantity>
      <UnitMeasure>י"ח</UnitMeasure>
      <BisWeighted>0</BisWeighted>
      <QtyInPackage>1</QtyInPackage>
      <ItemPrice>16.90</ItemPrice>
      <UnitOfMeasurePrice>0.94</UnitOfMeasurePrice>
      <AllowDiscount>0</AllowDiscount>
      <itemStatus>1</itemStatus>
      <LastUpdateDate />
      <LastUpdateTime />
    </Product>
    <Product>
      <PriceUpdateDate>2019/01/21 12:19</PriceUpdateDate>
      <ItemCode>1201619</ItemCode>
      <ItemType>0</ItemType>
      <ItemName>ביצים M 18יח</ItemName>
      <ManufactureName>מ.לסר בעמ</ManufactureName>
      <ManufactureCountry />
      <ManufactureItemDescription />
      <UnitQty>י"ח</UnitQty>
      <Quantity>18</Quantity>
      <UnitMeasure>י"ח</UnitMeasure>
      <BisWeighted>0</BisWeighted>
      <QtyInPackage>1</QtyInPackage>
      <ItemPrice>15.60</ItemPrice>
      <UnitOfMeasurePrice>0.87</UnitOfMeasurePrice>
      <AllowDiscount>0</AllowDiscount>
      <itemStatus>1</itemStatus>
      <LastUpdateDate />
      <LastUpdateTime />
    </Product>
    <Product>
      <PriceUpdateDate>2017/03/05 08:35</PriceUpdateDate>
      <ItemCode>7290001209103</ItemCode>
      <ItemType>1</ItemType>
      <ItemName>טחון עוף עטרה 500ג</ItemName>
      <ManufactureName>נטו מלינדה סחר בעמ</ManufactureName>
      <ManufactureCountry />
      <ManufactureItemDescription />
      <UnitQty>י"ח</UnitQty>
      <Quantity>1</Quantity>
      <UnitMeasure />
      <BisWeighted>0</BisWeighted>
      <QtyInPackage>1</QtyInPackage>
      <ItemPrice>10.90</ItemPrice>
      <UnitOfMeasurePrice>10.90</UnitOfMeasurePrice>
      <AllowDiscount>1</AllowDiscount>
      <itemStatus>1</itemStatus>
      <LastUpdateDate />
      <LastUpdateTime />
    </Product>
    <Product>
      <PriceUpdateDate>2016/05/22 14:56</PriceUpdateDate>
      <ItemCode>7290001209189</ItemCode>
      <ItemType>1</ItemType>
      <ItemName>נקניקיות חריפות</ItemName>
      <ManufactureName>נטו מלינדה סחר בעמ</ManufactureName>
      <ManufactureCountry />
      <ManufactureItemDescription />
      <UnitQty>י"ח</UnitQty>
      <Quantity>500</Quantity>
      <UnitMeasure>ל  גרם</UnitMeasure>
      <BisWeighted>0</BisWeighted>
      <QtyInPackage>1</QtyInPackage>
      <ItemPrice>7.90</ItemPrice>
      <UnitOfMeasurePrice>1.58</UnitOfMeasurePrice>
      <AllowDiscount>1</AllowDiscount>
      <itemStatus>1</itemStatus>
      <LastUpdateDate />
      <LastUpdateTime />
    </Product>
    <Product>
      <PriceUpdateDate>2019/05/07 08:30</PriceUpdateDate>
      <ItemCode>1230739</ItemCode>
      <ItemType>0</ItemType>
      <ItemName>קאמל כחול בודד</ItemName>
      <ManufactureName>גלוברנדס בעמ</ManufactureName>
      <ManufactureCountry />
      <ManufactureItemDescription />
      <UnitQty>י"ח</UnitQty>
      <Quantity>1</Quantity>
      <UnitMeasure />
      <BisWeighted>0</BisWeighted>
      <QtyInPackage>1</QtyInPackage>
      <ItemPrice>29.90</ItemPrice>
      <UnitOfMeasurePrice>29.90</UnitOfMeasurePrice>
      <AllowDiscount>0</AllowDiscount>
      <itemStatus>1</itemStatus>
      <LastUpdateDate />
      <LastUpdateTime />
    </Product>
    <Product>
      <PriceUpdateDate>2019/06/30 07:34</PriceUpdateDate>
      <ItemCode>1231932</ItemCode>
      <ItemType>0</ItemType>
      <ItemName>וינסטון כחול בודד.</ItemName>
      <ManufactureName>גלוברנדס בעמ</ManufactureName>
      <ManufactureCountry />
      <ManufactureItemDescription />
      <UnitQty>י"ח</UnitQty>
      <Quantity>1</Quantity>
      <UnitMeasure />
      <BisWeighted>0</BisWeighted>
      <QtyInPackage>1</QtyInPackage>
      <ItemPrice>31.50</ItemPrice>
      <UnitOfMeasurePrice>31.50</UnitOfMeasurePrice>
      <AllowDiscount>0</AllowDiscount>
      <itemStatus>1</itemStatus>
      <LastUpdateDate />
      <LastUpdateTime />
    </Product>
    <Product>
      <PriceUpdateDate>2016/05/09 11:38</PriceUpdateDate>
      <ItemCode>1235938</ItemCode>
      <ItemType>0</ItemType>
      <ItemName>וינסטון כחול ארוך</ItemName>
      <ManufactureName>גלוברנדס בעמ</ManufactureName>
      <ManufactureCountry />
      <ManufactureItemDescription />
      <UnitQty>י"ח</UnitQty>
      <Quantity>1</Quantity>
      <UnitMeasure />
      <BisWeighted>0</BisWeighted>
      <QtyInPackage>1</QtyInPackage>
      <ItemPrice>31.50</ItemPrice>
      <UnitOfMeasurePrice>31.50</UnitOfMeasurePrice>
      <AllowDiscount>0</AllowDiscount>
      <itemStatus>1</itemStatus>
      <LastUpdateDate />
      <LastUpdateTime />
    </Product>
    <Product>
      <PriceUpdateDate>2019/07/29 07:34</PriceUpdateDate>
      <ItemCode>7290001245705</ItemCode>
      <ItemType>1</ItemType>
      <ItemName>אקונומיקה מבושמת 4ל טאצ`</ItemName>
      <ManufactureName>סאסאטק אגשח בעמ</ManufactureName>
      <ManufactureCountry />
      <ManufactureItemDescription />
      <UnitQty>י"ח</UnitQty>
      <Quantity>4</Quantity>
      <UnitMeasure>ליטר</UnitMeasure>
      <BisWeighted>0</BisWeighted>
      <QtyInPackage>1</QtyInPackage>
      <ItemPrice>10.90</ItemPrice>
      <UnitOfMeasurePrice>2.73</UnitOfMeasurePrice>
      <AllowDiscount>1</AllowDiscount>
      <itemStatus>1</itemStatus>
      <LastUpdateDate />
      <LastUpdateTime />
    </Product>
    <Product>
      <PriceUpdateDate>2019/07/29 07:33</PriceUpdateDate>
      <ItemCode>7290001245712</ItemCode>
      <ItemType>1</ItemType>
      <ItemName>אקונומיקה  4ל` טאצ`</ItemName>
      <ManufactureName>סאסאטק אגשח בעמ</ManufactureName>
      <ManufactureCountry />
      <ManufactureItemDescription />
      <UnitQty>י"ח</UnitQty>
      <Quantity>4</Quantity>
      <UnitMeasure>ליטר</UnitMeasure>
      <BisWeighted>0</BisWeighted>
      <QtyInPackage>1</QtyInPackage>
      <ItemPrice>9.90</ItemPrice>
      <UnitOfMeasurePrice>2.48</UnitOfMeasurePrice>
      <AllowDiscount>1</AllowDiscount>
      <itemStatus>1</itemStatus>
      <LastUpdateDate />
      <LastUpdateTime />
    </Product>
    <Product>
      <PriceUpdateDate>2019/07/29 12:26</PriceUpdateDate>
      <ItemCode>1246153</ItemCode>
      <ItemType>0</ItemType>
      <ItemName>מבשם נטול גז ורוד 350 מ``ל טאצ</ItemName>
      <ManufactureName>סאסאטק אגשח בעמ</ManufactureName>
      <ManufactureCountry />
      <ManufactureItemDescription />
      <UnitQty>י"ח</UnitQty>
      <Quantity>350</Quantity>
      <UnitMeasure>ל  מ"ל</UnitMeasure>
      <BisWeighted>0</BisWeighted>
      <QtyInPackage>1</QtyInPackage>
      <ItemPrice>9.90</ItemPrice>
      <UnitOfMeasurePrice>2.83</UnitOfMeasurePrice>
      <AllowDiscount>0</AllowDiscount>
      <itemStatus>1</itemStatus>
      <LastUpdateDate />
      <LastUpdateTime />
    </Product>
    <Product>
      <PriceUpdateDate>2019/07/29 12:26</PriceUpdateDate>
      <ItemCode>7290001246177</ItemCode>
      <ItemType>1</ItemType>
      <ItemName>מבשם נטול גז סגול 350 מ``ל טאצ</ItemName>
      <ManufactureName>סאסאטק אגשח בעמ</ManufactureName>
      <ManufactureCountry />
      <ManufactureItemDescription />
      <UnitQty>י"ח</UnitQty>
      <Quantity>350</Quantity>
      <UnitMeasure>ל  מ"ל</UnitMeasure>
      <BisWeighted>0</BisWeighted>
      <QtyInPackage>1</QtyInPackage>
      <ItemPrice>9.90</ItemPrice>
      <UnitOfMeasurePrice>2.83</UnitOfMeasurePrice>
      <AllowDiscount>0</AllowDiscount>
      <itemStatus>1</itemStatus>
      <LastUpdateDate />
      <LastUpdateTime />
    </Product>
    <Product>
      <PriceUpdateDate>2014/10/13 14:15</PriceUpdateDate>
      <ItemCode>7290001247037</ItemCode>
      <ItemType>1</ItemType>
      <ItemName>קריסטל 2 ליטר מנטה</ItemName>
      <ManufactureName>יפאורה שותפות מוגבלת לשיווק</ManufactureName>
      <ManufactureCountry />
      <ManufactureItemDescription />
      <UnitQty>י"ח</UnitQty>
      <Quantity>2</Quantity>
      <UnitMeasure>ליטר</UnitMeasure>
      <BisWeighted>0</BisWeighted>
      <QtyInPackage>1</QtyInPackage>
      <ItemPrice>3.90</ItemPrice>
      <UnitOfMeasurePrice>1.95</UnitOfMeasurePrice>
      <AllowDiscount>1</AllowDiscount>
      <itemStatus>1</itemStatus>
      <LastUpdateDate />
      <LastUpdateTime />
    </Product>
    <Product>
      <PriceUpdateDate>2014/10/13 14:15</PriceUpdateDate>
      <ItemCode>7290001247051</ItemCode>
      <ItemType>1</ItemType>
      <ItemName>קריסטל 2 ליטר לימון</ItemName>
      <ManufactureName>יפאורה שותפות מוגבלת לשיווק</ManufactureName>
      <ManufactureCountry />
      <ManufactureItemDescription />
      <UnitQty>י"ח</UnitQty>
      <Quantity>2</Quantity>
      <UnitMeasure>ליטר</UnitMeasure>
      <BisWeighted>0</BisWeighted>
      <QtyInPackage>1</QtyInPackage>
      <ItemPrice>3.90</ItemPrice>
      <UnitOfMeasurePrice>1.95</UnitOfMeasurePrice>
      <AllowDiscount>1</AllowDiscount>
      <itemStatus>1</itemStatus>
      <LastUpdateDate />
      <LastUpdateTime />
    </Product>
    <Product>
      <PriceUpdateDate>2018/10/30 11:03</PriceUpdateDate>
      <ItemCode>7290001247068</ItemCode>
      <ItemType>1</ItemType>
      <ItemName>ספרינג נקטר תות-בננה</ItemName>
      <ManufactureName>יפאורה שותפות מוגבלת לשיווק</ManufactureName>
      <ManufactureCountry />
      <ManufactureItemDescription />
      <UnitQty>י"ח</UnitQty>
      <Quantity>1</Quantity>
      <UnitMeasure>ליטר</UnitMeasure>
      <BisWeighted>0</BisWeighted>
      <QtyInPackage>1</QtyInPackage>
      <ItemPrice>5.40</ItemPrice>
      <UnitOfMeasurePrice>5.40</UnitOfMeasurePrice>
      <AllowDiscount>1</AllowDiscount>
      <itemStatus>1</itemStatus>
      <LastUpdateDate />
      <LastUpdateTime />
    </Product>
    <Product>
      <PriceUpdateDate>2018/10/30 11:03</PriceUpdateDate>
      <ItemCode>7290001247082</ItemCode>
      <ItemType>1</ItemType>
      <ItemName>ספרינג עגבניות</ItemName>
      <ManufactureName>יפאורה שותפות מוגבלת לשיווק</ManufactureName>
      <ManufactureCountry />
      <ManufactureItemDescription />
      <UnitQty>י"ח</UnitQty>
      <Quantity>1</Quantity>
      <UnitMeasure>ליטר</UnitMeasure>
      <BisWeighted>0</BisWeighted>
      <QtyInPackage>1</QtyInPackage>
      <ItemPrice>5.40</ItemPrice>
      <UnitOfMeasurePrice>5.40</UnitOfMeasurePrice>
      <AllowDiscount>1</AllowDiscount>
      <itemStatus>1</itemStatus>
      <LastUpdateDate />
      <LastUpdateTime />
    </Product>
    <Product>
      <PriceUpdateDate>2018/10/30 11:03</PriceUpdateDate>
      <ItemCode>7290001247099</ItemCode>
      <ItemType>1</ItemType>
      <ItemName>ספרינג נקטר מנגו</ItemName>
      <ManufactureName>יפאורה שותפות מוגבלת לשיווק</ManufactureName>
      <ManufactureCountry />
      <ManufactureItemDescription />
      <UnitQty>י"ח</UnitQty>
      <Quantity>1</Quantity>
      <UnitMeasure>ליטר</UnitMeasure>
      <BisWeighted>0</BisWeighted>
      <QtyInPackage>1</QtyInPackage>
      <ItemPrice>5.40</ItemPrice>
      <UnitOfMeasurePrice>5.40</UnitOfMeasurePrice>
      <AllowDiscount>1</AllowDiscount>
      <itemStatus>1</itemStatus>
      <LastUpdateDate />
      <LastUpdateTime />
    </Product>
    <Product>
      <PriceUpdateDate>2018/10/30 11:03</PriceUpdateDate>
      <ItemCode>7290001247105</ItemCode>
      <ItemType>1</ItemType>
      <ItemName>ספרינג נקטר אפרסק</ItemName>
      <ManufactureName>יפאורה שותפות מוגבלת לשיווק</ManufactureName>
      <ManufactureCountry />
      <ManufactureItemDescription />
      <UnitQty>י"ח</UnitQty>
      <Quantity>1</Quantity>
      <UnitMeasure>ליטר</UnitMeasure>
      <BisWeighted>0</BisWeighted>
      <QtyInPackage>1</QtyInPackage>
      <ItemPrice>5.40</ItemPrice>
      <UnitOfMeasurePrice>5.40</UnitOfMeasurePrice>
      <AllowDiscount>1</AllowDiscount>
      <itemStatus>1</itemStatus>
      <LastUpdateDate />
      <LastUpdateTime />
    </Product>
    <Product>
      <PriceUpdateDate>2018/10/30 11:03</PriceUpdateDate>
      <ItemCode>7290001247129</ItemCode>
      <ItemType>1</ItemType>
      <ItemName>ספרינג נקטר תפוזים</ItemName>
      <ManufactureName>יפאורה שותפות מוגבלת לשיווק</ManufactureName>
      <ManufactureCountry />
      <ManufactureItemDescription />
      <UnitQty>י"ח</UnitQty>
      <Quantity>1</Quantity>
      <UnitMeasure>ליטר</UnitMeasure>
      <BisWeighted>0</BisWeighted>
      <QtyInPackage>1</QtyInPackage>
      <ItemPrice>5.40</ItemPrice>
      <UnitOfMeasurePrice>5.40</UnitOfMeasurePrice>
      <AllowDiscount>1</AllowDiscount>
      <itemStatus>1</itemStatus>
      <LastUpdateDate />
      <LastUpdateTime />
    </Product>
    <Product>
      <PriceUpdateDate>2018/10/30 11:03</PriceUpdateDate>
      <ItemCode>7290001247143</ItemCode>
      <ItemType>1</ItemType>
      <ItemName>ספרינג קרטונית תפוחים</ItemName>
      <ManufactureName>יפאורה שותפות מוגבלת לשיווק</ManufactureName>
      <ManufactureCountry />
      <ManufactureItemDescription />
      <UnitQty>י"ח</UnitQty>
      <Quantity>1</Quantity>
      <UnitMeasure>ליטר</UnitMeasure>
      <BisWeighted>0</BisWeighted>
      <QtyInPackage>1</QtyInPackage>
      <ItemPrice>5.40</ItemPrice>
      <UnitOfMeasurePrice>5.40</UnitOfMeasurePrice>
      <AllowDiscount>1</AllowDiscount>
      <itemStatus>1</itemStatus>
      <LastUpdateDate />
      <LastUpdateTime />
    </Product>
    <Product>
      <PriceUpdateDate>2019/01/27 13:10</PriceUpdateDate>
      <ItemCode>7290001247952</ItemCode>
      <ItemType>1</ItemType>
      <ItemName>תפוזינה-ענבים   1.5 ל</ItemName>
      <ManufactureName>יפאורה שותפות מוגבלת לשיווק</ManufactureName>
      <ManufactureCountry />
      <ManufactureItemDescription />
      <UnitQty>י"ח</UnitQty>
      <Quantity>1.50</Quantity>
      <UnitMeasure>ליטר</UnitMeasure>
      <BisWeighted>0</BisWeighted>
      <QtyInPackage>1</QtyInPackage>
      <ItemPrice>5.90</ItemPrice>
      <UnitOfMeasurePrice>3.93</UnitOfMeasurePrice>
      <AllowDiscount>1</AllowDiscount>
      <itemStatus>1</itemStatus>
      <LastUpdateDate />
      <LastUpdateTime />
    </Product>
    <Product>
      <PriceUpdateDate>2017/01/03 09:49</PriceUpdateDate>
      <ItemCode>7290001265116</ItemCode>
      <ItemType>1</ItemType>
      <ItemName>מטרנה קורנפלור 2 ב1 300גר</ItemName>
      <ManufactureName>קבוצת אוסם סחר-שות.מוגבלת</ManufactureName>
      <ManufactureCountry />
      <ManufactureItemDescription />
      <UnitQty>י"ח</UnitQty>
      <Quantity>300</Quantity>
      <UnitMeasure>ל  גרם</UnitMeasure>
      <BisWeighted>0</BisWeighted>
      <QtyInPackage>1</QtyInPackage>
      <ItemPrice>19.90</ItemPrice>
      <UnitOfMeasurePrice>6.63</UnitOfMeasurePrice>
      <AllowDiscount>0</AllowDiscount>
      <itemStatus>1</itemStatus>
      <LastUpdateDate />
      <LastUpdateTime />
    </Product>
    <Product>
      <PriceUpdateDate>2019/02/05 14:45</PriceUpdateDate>
      <ItemCode>7290001305058</ItemCode>
      <ItemType>1</ItemType>
      <ItemName>פלמוליב סבון נוזלי</ItemName>
      <ManufactureName>ש.שסטוביץ בעמ</ManufactureName>
      <ManufactureCountry />
      <ManufactureItemDescription />
      <UnitQty>י"ח</UnitQty>
      <Quantity>500</Quantity>
      <UnitMeasure>ל  מ"ל</UnitMeasure>
      <BisWeighted>0</BisWeighted>
      <QtyInPackage>1</QtyInPackage>
      <ItemPrice>15.90</ItemPrice>
      <UnitOfMeasurePrice>3.18</UnitOfMeasurePrice>
      <AllowDiscount>1</AllowDiscount>
      <itemStatus>1</itemStatus>
      <LastUpdateDate />
      <LastUpdateTime />
    </Product>
    <Product>
      <PriceUpdateDate>2017/04/23 09:08</PriceUpdateDate>
      <ItemCode>7290001305188</ItemCode>
      <ItemType>1</ItemType>
      <ItemName>פלמוליב נוזל לניקוי כלים 750 מ"ל ספרינ</ItemName>
      <ManufactureName>ש.שסטוביץ בעמ</ManufactureName>
      <ManufactureCountry />
      <ManufactureItemDescription />
      <UnitQty>י"ח</UnitQty>
      <Quantity>750</Quantity>
      <UnitMeasure>ל  מ"ל</UnitMeasure>
      <BisWeighted>0</BisWeighted>
      <QtyInPackage>1</QtyInPackage>
      <ItemPrice>9.90</ItemPrice>
      <UnitOfMeasurePrice>1.32</UnitOfMeasurePrice>
      <AllowDiscount>1</AllowDiscount>
      <itemStatus>1</itemStatus>
      <LastUpdateDate />
      <LastUpdateTime />
    </Product>
    <Product>
      <PriceUpdateDate>2016/12/07 10:50</PriceUpdateDate>
      <ItemCode>1320037</ItemCode>
      <ItemType>0</ItemType>
      <ItemName>כרובית</ItemName>
      <ManufactureName>ביכורי הנגב מ.ד בעמ</ManufactureName>
      <ManufactureCountry />
      <ManufactureItemDescription />
      <UnitQty>ק"ג</UnitQty>
      <Quantity>1</Quantity>
      <UnitMeasure />
      <BisWeighted>1</BisWeighted>
      <QtyInPackage>1</QtyInPackage>
      <ItemPrice>18.90</ItemPrice>
      <UnitOfMeasurePrice>18.90</UnitOfMeasurePrice>
      <AllowDiscount>0</AllowDiscount>
      <itemStatus>1</itemStatus>
      <LastUpdateDate />
      <LastUpdateTime />
    </Product>
    <Product>
      <PriceUpdateDate>2020/04/26 14:04</PriceUpdateDate>
      <ItemCode>1321782</ItemCode>
      <ItemType>0</ItemType>
      <ItemName>המבורגר  בקר בלדי 400ג בית יוסף</ItemName>
      <ManufactureName>בלדי בעמ</ManufactureName>
      <ManufactureCountry />
      <ManufactureItemDescription />
      <UnitQty>י"ח</UnitQty>
      <Quantity>500</Quantity>
      <UnitMeasure>ל  גרם</UnitMeasure>
      <BisWeighted>0</BisWeighted>
      <QtyInPackage>1</QtyInPackage>
      <ItemPrice>14.90</ItemPrice>
      <UnitOfMeasurePrice>2.98</UnitOfMeasurePrice>
      <AllowDiscount>1</AllowDiscount>
      <itemStatus>1</itemStatus>
      <LastUpdateDate />
      <LastUpdateTime />
    </Product>
    <Product>
      <PriceUpdateDate>2019/01/08 09:55</PriceUpdateDate>
      <ItemCode>7290001327180</ItemCode>
      <ItemType>1</ItemType>
      <ItemName>קרמיסימו שטראוס</ItemName>
      <ManufactureName>גלידות שטראוס בעמ</ManufactureName>
      <ManufactureCountry />
      <ManufactureItemDescription />
      <UnitQty>י"ח</UnitQty>
      <Quantity>1.33</Quantity>
      <UnitMeasure>ליטר</UnitMeasure>
      <BisWeighted>0</BisWeighted>
      <QtyInPackage>1</QtyInPackage>
      <ItemPrice>18.90</ItemPrice>
      <UnitOfMeasurePrice>14.21</UnitOfMeasurePrice>
      <AllowDiscount>0</AllowDiscount>
      <itemStatus>1</itemStatus>
      <LastUpdateDate />
      <LastUpdateTime />
    </Product>
    <Product>
      <PriceUpdateDate>2019/01/08 09:55</PriceUpdateDate>
      <ItemCode>7290001327197</ItemCode>
      <ItemType>1</ItemType>
      <ItemName>קרמיסימו שוקו שטראוס</ItemName>
      <ManufactureName>גלידות שטראוס בעמ</ManufactureName>
      <ManufactureCountry />
      <ManufactureItemDescription />
      <UnitQty>י"ח</UnitQty>
      <Quantity>1.33</Quantity>
      <UnitMeasure>ליטר</UnitMeasure>
      <BisWeighted>0</BisWeighted>
      <QtyInPackage>1</QtyInPackage>
      <ItemPrice>18.90</ItemPrice>
      <UnitOfMeasurePrice>14.21</UnitOfMeasurePrice>
      <AllowDiscount>0</AllowDiscount>
      <itemStatus>1</itemStatus>
      <LastUpdateDate />
      <LastUpdateTime />
    </Product>
    <Product>
      <PriceUpdateDate>2019/01/08 09:55</PriceUpdateDate>
      <ItemCode>7290001327227</ItemCode>
      <ItemType>1</ItemType>
      <ItemName>קרמיסימו ריבת חלב שטראוס</ItemName>
      <ManufactureName>גלידות שטראוס בעמ</ManufactureName>
      <ManufactureCountry />
      <ManufactureItemDescription />
      <UnitQty>י"ח</UnitQty>
      <Quantity>1.33</Quantity>
      <UnitMeasure>ליטר</UnitMeasure>
      <BisWeighted>0</BisWeighted>
      <QtyInPackage>1</QtyInPackage>
      <ItemPrice>18.90</ItemPrice>
      <UnitOfMeasurePrice>14.21</UnitOfMeasurePrice>
      <AllowDiscount>0</AllowDiscount>
      <itemStatus>1</itemStatus>
      <LastUpdateDate />
      <LastUpdateTime />
    </Product>
    <Product>
      <PriceUpdateDate>2019/01/08 09:55</PriceUpdateDate>
      <ItemCode>7290001327791</ItemCode>
      <ItemType>1</ItemType>
      <ItemName>קרמיסימו 1.3 עוגיות שטראוס</ItemName>
      <ManufactureName>גלידות שטראוס בעמ</ManufactureName>
      <ManufactureCountry />
      <ManufactureItemDescription />
      <UnitQty>י"ח</UnitQty>
      <Quantity>1.33</Quantity>
      <UnitMeasure>ליטר</UnitMeasure>
      <BisWeighted>0</BisWeighted>
      <QtyInPackage>1</QtyInPackage>
      <ItemPrice>18.90</ItemPrice>
      <UnitOfMeasurePrice>14.21</UnitOfMeasurePrice>
      <AllowDiscount>0</AllowDiscount>
      <itemStatus>1</itemStatus>
      <LastUpdateDate />
      <LastUpdateTime />
    </Product>
    <Product>
      <PriceUpdateDate>2016/03/09 18:10</PriceUpdateDate>
      <ItemCode>7290001327838</ItemCode>
      <ItemType>1</ItemType>
      <ItemName>מאגדת מיני מגנום שטראוס</ItemName>
      <ManufactureName>גלידות שטראוס בעמ</ManufactureName>
      <ManufactureCountry />
      <ManufactureItemDescription />
      <UnitQty>י"ח</UnitQty>
      <Quantity>1</Quantity>
      <UnitMeasure />
      <BisWeighted>0</BisWeighted>
      <QtyInPackage>1</QtyInPackage>
      <ItemPrice>27.90</ItemPrice>
      <UnitOfMeasurePrice>27.90</UnitOfMeasurePrice>
      <AllowDiscount>0</AllowDiscount>
      <itemStatus>1</itemStatus>
      <LastUpdateDate />
      <LastUpdateTime />
    </Product>
    <Product>
      <PriceUpdateDate>2016/02/05 10:14</PriceUpdateDate>
      <ItemCode>1419618</ItemCode>
      <ItemType>0</ItemType>
      <ItemName>וופל בלגי שוקו 200גר`</ItemName>
      <ManufactureName>ח.כהן סוכנות מזון ומשקאות בע</ManufactureName>
      <ManufactureCountry />
      <ManufactureItemDescription />
      <UnitQty>י"ח</UnitQty>
      <Quantity>200</Quantity>
      <UnitMeasure>ל  גרם</UnitMeasure>
      <BisWeighted>0</BisWeighted>
      <QtyInPackage>1</QtyInPackage>
      <ItemPrice>3.90</ItemPrice>
      <UnitOfMeasurePrice>1.95</UnitOfMeasurePrice>
      <AllowDiscount>0</AllowDiscount>
      <itemStatus>1</itemStatus>
      <LastUpdateDate />
      <LastUpdateTime />
    </Product>
    <Product>
      <PriceUpdateDate>2013/12/10 16:33</PriceUpdateDate>
      <ItemCode>1419762</ItemCode>
      <ItemType>0</ItemType>
      <ItemName>גביעי גלידה מתוקים 30יח</ItemName>
      <ManufactureName>דין שיווק *****</ManufactureName>
      <ManufactureCountry />
      <ManufactureItemDescription />
      <UnitQty>י"ח</UnitQty>
      <Quantity>30</Quantity>
      <UnitMeasure>י"ח</UnitMeasure>
      <BisWeighted>0</BisWeighted>
      <QtyInPackage>1</QtyInPackage>
      <ItemPrice>8.10</ItemPrice>
      <UnitOfMeasurePrice>0.27</UnitOfMeasurePrice>
      <AllowDiscount>1</AllowDiscount>
      <itemStatus>1</itemStatus>
      <LastUpdateDate />
      <LastUpdateTime />
    </Product>
    <Product>
      <PriceUpdateDate>2016/02/05 10:16</PriceUpdateDate>
      <ItemCode>1419779</ItemCode>
      <ItemType>0</ItemType>
      <ItemName>וופל גלירו 200 גרם</ItemName>
      <ManufactureName>ח.כהן סוכנות מזון ומשקאות בע</ManufactureName>
      <ManufactureCountry />
      <ManufactureItemDescription />
      <UnitQty>י"ח</UnitQty>
      <Quantity>200</Quantity>
      <UnitMeasure>ל  גרם</UnitMeasure>
      <BisWeighted>0</BisWeighted>
      <QtyInPackage>1</QtyInPackage>
      <ItemPrice>3.90</ItemPrice>
      <UnitOfMeasurePrice>1.95</UnitOfMeasurePrice>
      <AllowDiscount>0</AllowDiscount>
      <itemStatus>1</itemStatus>
      <LastUpdateDate />
      <LastUpdateTime />
    </Product>
    <Product>
      <PriceUpdateDate>2016/04/03 14:49</PriceUpdateDate>
      <ItemCode>1419892</ItemCode>
      <ItemType>0</ItemType>
      <ItemName>וופל לימון קלאסי 200גר</ItemName>
      <ManufactureName>ח.כהן סוכנות מזון ומשקאות בע</ManufactureName>
      <ManufactureCountry />
      <ManufactureItemDescription />
      <UnitQty>י"ח</UnitQty>
      <Quantity>200</Quantity>
      <UnitMeasure>ל  גרם</UnitMeasure>
      <BisWeighted>0</BisWeighted>
      <QtyInPackage>1</QtyInPackage>
      <ItemPrice>3.90</ItemPrice>
      <UnitOfMeasurePrice>1.95</UnitOfMeasurePrice>
      <AllowDiscount>0</AllowDiscount>
      <itemStatus>1</itemStatus>
      <LastUpdateDate />
      <LastUpdateTime />
    </Product>
    <Product>
      <PriceUpdateDate>2019/04/15 13:56</PriceUpdateDate>
      <ItemCode>1455302</ItemCode>
      <ItemType>0</ItemType>
      <ItemName>פילה טונה פרוס בוואקום העדה החרדית</ItemName>
      <ManufactureName>בלדי בעמ</ManufactureName>
      <ManufactureCountry />
      <ManufactureItemDescription />
      <UnitQty>ק"ג</UnitQty>
      <Quantity>1</Quantity>
      <UnitMeasure>ק"ג</UnitMeasure>
      <BisWeighted>1</BisWeighted>
      <QtyInPackage>1</QtyInPackage>
      <ItemPrice>41.90</ItemPrice>
      <UnitOfMeasurePrice>41.90</UnitOfMeasurePrice>
      <AllowDiscount>0</AllowDiscount>
      <itemStatus>1</itemStatus>
      <LastUpdateDate />
      <LastUpdateTime />
    </Product>
    <Product>
      <PriceUpdateDate>2020/03/25 08:06</PriceUpdateDate>
      <ItemCode>1455692</ItemCode>
      <ItemType>0</ItemType>
      <ItemName>פולי סויה אדממה  2ק"ג</ItemName>
      <ManufactureName>בלדי בעמ</ManufactureName>
      <ManufactureCountry />
      <ManufactureItemDescription />
      <UnitQty>י"ח</UnitQty>
      <Quantity>2</Quantity>
      <UnitMeasure>ק"ג</UnitMeasure>
      <BisWeighted>0</BisWeighted>
      <QtyInPackage>1</QtyInPackage>
      <ItemPrice>33.90</ItemPrice>
      <UnitOfMeasurePrice>16.95</UnitOfMeasurePrice>
      <AllowDiscount>0</AllowDiscount>
      <itemStatus>1</itemStatus>
      <LastUpdateDate />
      <LastUpdateTime />
    </Product>
    <Product>
      <PriceUpdateDate>2019/11/20 11:58</PriceUpdateDate>
      <ItemCode>1459911</ItemCode>
      <ItemType>0</ItemType>
      <ItemName>לקט ירקות העונה 800ג קהילות רגיל ובית</ItemName>
      <ManufactureName>בלדי בעמ</ManufactureName>
      <ManufactureCountry />
      <ManufactureItemDescription />
      <UnitQty>י"ח</UnitQty>
      <Quantity>800</Quantity>
      <UnitMeasure>ל  גרם</UnitMeasure>
      <BisWeighted>0</BisWeighted>
      <QtyInPackage>1</QtyInPackage>
      <ItemPrice>11.90</ItemPrice>
      <UnitOfMeasurePrice>1.49</UnitOfMeasurePrice>
      <AllowDiscount>1</AllowDiscount>
      <itemStatus>1</itemStatus>
      <LastUpdateDate />
      <LastUpdateTime />
    </Product>
    <Product>
      <PriceUpdateDate>2019/11/20 11:58</PriceUpdateDate>
      <ItemCode>1459942</ItemCode>
      <ItemType>0</ItemType>
      <ItemName>אפונה וגזר ארוז 800ג קהילות רגיל ובית</ItemName>
      <ManufactureName>בלדי בעמ</ManufactureName>
      <ManufactureCountry />
      <ManufactureItemDescription />
      <UnitQty>י"ח</UnitQty>
      <Quantity>800</Quantity>
      <UnitMeasure>ל  גרם</UnitMeasure>
      <BisWeighted>0</BisWeighted>
      <QtyInPackage>1</QtyInPackage>
      <ItemPrice>11.90</ItemPrice>
      <UnitOfMeasurePrice>1.49</UnitOfMeasurePrice>
      <AllowDiscount>1</AllowDiscount>
      <itemStatus>1</itemStatus>
      <LastUpdateDate />
      <LastUpdateTime />
    </Product>
    <Product>
      <PriceUpdateDate>2018/05/30 13:07</PriceUpdateDate>
      <ItemCode>7290001468159</ItemCode>
      <ItemType>1</ItemType>
      <ItemName>ריבת חלב 330 גרם נאמן</ItemName>
      <ManufactureName>נאמן לאורך זמן בעמ</ManufactureName>
      <ManufactureCountry />
      <ManufactureItemDescription />
      <UnitQty>י"ח</UnitQty>
      <Quantity>330</Quantity>
      <UnitMeasure>ל  גרם</UnitMeasure>
      <BisWeighted>0</BisWeighted>
      <QtyInPackage>1</QtyInPackage>
      <ItemPrice>13.90</ItemPrice>
      <UnitOfMeasurePrice>4.21</UnitOfMeasurePrice>
      <AllowDiscount>0</AllowDiscount>
      <itemStatus>1</itemStatus>
      <LastUpdateDate />
      <LastUpdateTime />
    </Product>
    <Product>
      <PriceUpdateDate>2020/01/12 13:19</PriceUpdateDate>
      <ItemCode>1482094</ItemCode>
      <ItemType>0</ItemType>
      <ItemName>פרמזנו משולשים 200 ג ויליפוד</ItemName>
      <ManufactureName>ג.וילי פוד אינטרנשיונל בעמ</ManufactureName>
      <ManufactureCountry />
      <ManufactureItemDescription />
      <UnitQty>י"ח</UnitQty>
      <Quantity>200</Quantity>
      <UnitMeasure>ל  גרם</UnitMeasure>
      <BisWeighted>0</BisWeighted>
      <QtyInPackage>1</QtyInPackage>
      <ItemPrice>24.90</ItemPrice>
      <UnitOfMeasurePrice>12.45</UnitOfMeasurePrice>
      <AllowDiscount>0</AllowDiscount>
      <itemStatus>1</itemStatus>
      <LastUpdateDate />
      <LastUpdateTime />
    </Product>
    <Product>
      <PriceUpdateDate>2015/04/30 10:12</PriceUpdateDate>
      <ItemCode>7290001485019</ItemCode>
      <ItemType>1</ItemType>
      <ItemName>גבינת שמנת טבעי 5%</ItemName>
      <ManufactureName>*חברה המרכזית להפצתמשקאותבעמ*</ManufactureName>
      <ManufactureCountry />
      <ManufactureItemDescription />
      <UnitQty>י"ח</UnitQty>
      <Quantity>200</Quantity>
      <UnitMeasure>ל  גרם</UnitMeasure>
      <BisWeighted>0</BisWeighted>
      <QtyInPackage>1</QtyInPackage>
      <ItemPrice>11.50</ItemPrice>
      <UnitOfMeasurePrice>5.75</UnitOfMeasurePrice>
      <AllowDiscount>1</AllowDiscount>
      <itemStatus>1</itemStatus>
      <LastUpdateDate />
      <LastUpdateTime />
    </Product>
    <Product>
      <PriceUpdateDate>2017/04/09 11:42</PriceUpdateDate>
      <ItemCode>7290001485033</ItemCode>
      <ItemType>1</ItemType>
      <ItemName>גבינת שמנת שום שמיר 200ג</ItemName>
      <ManufactureName>*חברה המרכזית להפצתמשקאותבעמ*</ManufactureName>
      <ManufactureCountry />
      <ManufactureItemDescription />
      <UnitQty>י"ח</UnitQty>
      <Quantity>200</Quantity>
      <UnitMeasure>ל  גרם</UnitMeasure>
      <BisWeighted>0</BisWeighted>
      <QtyInPackage>1</QtyInPackage>
      <ItemPrice>11.50</ItemPrice>
      <UnitOfMeasurePrice>5.75</UnitOfMeasurePrice>
      <AllowDiscount>1</AllowDiscount>
      <itemStatus>1</itemStatus>
      <LastUpdateDate />
      <LastUpdateTime />
    </Product>
    <Product>
      <PriceUpdateDate>2016/04/06 17:36</PriceUpdateDate>
      <ItemCode>1491096</ItemCode>
      <ItemType>0</ItemType>
      <ItemName>תה ירוק -50לימונית</ItemName>
      <ManufactureName>תה ויסוצקי (ישראל)בעמ</ManufactureName>
      <ManufactureCountry />
      <ManufactureItemDescription />
      <UnitQty>י"ח</UnitQty>
      <Quantity>75</Quantity>
      <UnitMeasure>ל  גרם</UnitMeasure>
      <BisWeighted>0</BisWeighted>
      <QtyInPackage>1</QtyInPackage>
      <ItemPrice>45.90</ItemPrice>
      <UnitOfMeasurePrice>61.20</UnitOfMeasurePrice>
      <AllowDiscount>0</AllowDiscount>
      <itemStatus>1</itemStatus>
      <LastUpdateDate />
      <LastUpdateTime />
    </Product>
    <Product>
      <PriceUpdateDate>2016/12/01 14:37</PriceUpdateDate>
      <ItemCode>1498897</ItemCode>
      <ItemType>0</ItemType>
      <ItemName>מארז מתנות</ItemName>
      <ManufactureName>מוסקו בעמ</ManufactureName>
      <ManufactureCountry />
      <ManufactureItemDescription />
      <UnitQty>י"ח</UnitQty>
      <Quantity>1</Quantity>
      <UnitMeasure />
      <BisWeighted>0</BisWeighted>
      <QtyInPackage>1</QtyInPackage>
      <ItemPrice>14.90</ItemPrice>
      <UnitOfMeasurePrice>14.90</UnitOfMeasurePrice>
      <AllowDiscount>0</AllowDiscount>
      <itemStatus>1</itemStatus>
      <LastUpdateDate />
      <LastUpdateTime />
    </Product>
    <Product>
      <PriceUpdateDate>2016/08/14 09:22</PriceUpdateDate>
      <ItemCode>7290001552025</ItemCode>
      <ItemType>1</ItemType>
      <ItemName>קוסקוס של מאמא</ItemName>
      <ManufactureName>מטעמי פאר (א.מ.נ) בעמ</ManufactureName>
      <ManufactureCountry />
      <ManufactureItemDescription />
      <UnitQty>י"ח</UnitQty>
      <Quantity>800</Quantity>
      <UnitMeasure>ל  גרם</UnitMeasure>
      <BisWeighted>0</BisWeighted>
      <QtyInPackage>1</QtyInPackage>
      <ItemPrice>17.90</ItemPrice>
      <UnitOfMeasurePrice>2.24</UnitOfMeasurePrice>
      <AllowDiscount>0</AllowDiscount>
      <itemStatus>1</itemStatus>
      <LastUpdateDate />
      <LastUpdateTime />
    </Product>
    <Product>
      <PriceUpdateDate>2016/08/14 09:22</PriceUpdateDate>
      <ItemCode>1552049</ItemCode>
      <ItemType>0</ItemType>
      <ItemName>סולטנה קוסקוס  מרוקאי}מטעמי  פאר{</ItemName>
      <ManufactureName>מטעמי פאר (א.מ.נ) בעמ</ManufactureName>
      <ManufactureCountry />
      <ManufactureItemDescription />
      <UnitQty>י"ח</UnitQty>
      <Quantity>800</Quantity>
      <UnitMeasure>ל  גרם</UnitMeasure>
      <BisWeighted>0</BisWeighted>
      <QtyInPackage>1</QtyInPackage>
      <ItemPrice>16.90</ItemPrice>
      <UnitOfMeasurePrice>2.11</UnitOfMeasurePrice>
      <AllowDiscount>0</AllowDiscount>
      <itemStatus>1</itemStatus>
      <LastUpdateDate />
      <LastUpdateTime />
    </Product>
    <Product>
      <PriceUpdateDate>2015/06/22 15:18</PriceUpdateDate>
      <ItemCode>1567043</ItemCode>
      <ItemType>0</ItemType>
      <ItemName>פסטרמה  מעודנת על גחלים</ItemName>
      <ManufactureName>מעדני יחיעם 1993 בעמ</ManufactureName>
      <ManufactureCountry />
      <ManufactureItemDescription />
      <UnitQty>ק"ג</UnitQty>
      <Quantity>1</Quantity>
      <UnitMeasure />
      <BisWeighted>1</BisWeighted>
      <QtyInPackage>1</QtyInPackage>
      <ItemPrice>44.90</ItemPrice>
      <UnitOfMeasurePrice>44.90</UnitOfMeasurePrice>
      <AllowDiscount>0</AllowDiscount>
      <itemStatus>1</itemStatus>
      <LastUpdateDate />
      <LastUpdateTime />
    </Product>
    <Product>
      <PriceUpdateDate>2016/11/24 15:51</PriceUpdateDate>
      <ItemCode>1567708</ItemCode>
      <ItemType>0</ItemType>
      <ItemName>נקניק וינר 400ג ללא</ItemName>
      <ManufactureName>מעדני יחיעם 1993 בעמ</ManufactureName>
      <ManufactureCountry />
      <ManufactureItemDescription />
      <UnitQty>י"ח</UnitQty>
      <Quantity>400</Quantity>
      <UnitMeasure>ל  גרם</UnitMeasure>
      <BisWeighted>0</BisWeighted>
      <QtyInPackage>1</QtyInPackage>
      <ItemPrice>12.90</ItemPrice>
      <UnitOfMeasurePrice>3.23</UnitOfMeasurePrice>
      <AllowDiscount>1</AllowDiscount>
      <itemStatus>1</itemStatus>
      <LastUpdateDate />
      <LastUpdateTime />
    </Product>
    <Product>
      <PriceUpdateDate>2017/04/20 16:11</PriceUpdateDate>
      <ItemCode>1567715</ItemCode>
      <ItemType>0</ItemType>
      <ItemName>נקניק. חריפות  400ג ללא</ItemName>
      <ManufactureName>מעדני יחיעם 1993 בעמ</ManufactureName>
      <ManufactureCountry />
      <ManufactureItemDescription />
      <UnitQty>י"ח</UnitQty>
      <Quantity>400</Quantity>
      <UnitMeasure>ל  גרם</UnitMeasure>
      <BisWeighted>0</BisWeighted>
      <QtyInPackage>1</QtyInPackage>
      <ItemPrice>12.90</ItemPrice>
      <UnitOfMeasurePrice>3.23</UnitOfMeasurePrice>
      <AllowDiscount>1</AllowDiscount>
      <itemStatus>1</itemStatus>
      <LastUpdateDate />
      <LastUpdateTime />
    </Product>
    <Product>
      <PriceUpdateDate>2016/06/16 10:54</PriceUpdateDate>
      <ItemCode>1567760</ItemCode>
      <ItemType>0</ItemType>
      <ItemName>פסטרמה של פעם  300ג</ItemName>
      <ManufactureName>מעדני יחיעם 1993 בעמ</ManufactureName>
      <ManufactureCountry />
      <ManufactureItemDescription />
      <UnitQty>י"ח</UnitQty>
      <Quantity>300</Quantity>
      <UnitMeasure>ל  גרם</UnitMeasure>
      <BisWeighted>0</BisWeighted>
      <QtyInPackage>1</QtyInPackage>
      <ItemPrice>29.90</ItemPrice>
      <UnitOfMeasurePrice>9.97</UnitOfMeasurePrice>
      <AllowDiscount>1</AllowDiscount>
      <itemStatus>1</itemStatus>
      <LastUpdateDate />
      <LastUpdateTime />
    </Product>
    <Product>
      <PriceUpdateDate>2016/06/16 10:54</PriceUpdateDate>
      <ItemCode>1567791</ItemCode>
      <ItemType>0</ItemType>
      <ItemName>פסטרמה רומנית 250ג</ItemName>
      <ManufactureName>מעדני יחיעם 1993 בעמ</ManufactureName>
      <ManufactureCountry />
      <ManufactureItemDescription />
      <UnitQty>י"ח</UnitQty>
      <Quantity>250</Quantity>
      <UnitMeasure>ל  גרם</UnitMeasure>
      <BisWeighted>0</BisWeighted>
      <QtyInPackage>1</QtyInPackage>
      <ItemPrice>29.90</ItemPrice>
      <UnitOfMeasurePrice>11.96</UnitOfMeasurePrice>
      <AllowDiscount>1</AllowDiscount>
      <itemStatus>1</itemStatus>
      <LastUpdateDate />
      <LastUpdateTime />
    </Product>
    <Product>
      <PriceUpdateDate>2016/06/16 10:54</PriceUpdateDate>
      <ItemCode>1567807</ItemCode>
      <ItemType>0</ItemType>
      <ItemName>כתף בקר מעושן 250ג</ItemName>
      <ManufactureName>מעדני יחיעם 1993 בעמ</ManufactureName>
      <ManufactureCountry />
      <ManufactureItemDescription />
      <UnitQty>י"ח</UnitQty>
      <Quantity>250</Quantity>
      <UnitMeasure>ל  גרם</UnitMeasure>
      <BisWeighted>0</BisWeighted>
      <QtyInPackage>1</QtyInPackage>
      <ItemPrice>32.90</ItemPrice>
      <UnitOfMeasurePrice>13.16</UnitOfMeasurePrice>
      <AllowDiscount>1</AllowDiscount>
      <itemStatus>1</itemStatus>
      <LastUpdateDate />
      <LastUpdateTime />
    </Product>
    <Product>
      <PriceUpdateDate>2016/06/16 10:52</PriceUpdateDate>
      <ItemCode>1567814</ItemCode>
      <ItemType>0</ItemType>
      <ItemName>סלמי מעושן בסגנון איטלקי 300ג</ItemName>
      <ManufactureName>מעדני יחיעם 1993 בעמ</ManufactureName>
      <ManufactureCountry />
      <ManufactureItemDescription />
      <UnitQty>י"ח</UnitQty>
      <Quantity>300</Quantity>
      <UnitMeasure>ל  גרם</UnitMeasure>
      <BisWeighted>0</BisWeighted>
      <QtyInPackage>1</QtyInPackage>
      <ItemPrice>24.90</ItemPrice>
      <UnitOfMeasurePrice>8.30</UnitOfMeasurePrice>
      <AllowDiscount>1</AllowDiscount>
      <itemStatus>1</itemStatus>
      <LastUpdateDate />
      <LastUpdateTime />
    </Product>
    <Product>
      <PriceUpdateDate>2018/01/10 10:59</PriceUpdateDate>
      <ItemCode>1567937</ItemCode>
      <ItemType>0</ItemType>
      <ItemName>איטלקי מפולפל 200ג</ItemName>
      <ManufactureName>מעדני יחיעם 1993 בעמ</ManufactureName>
      <ManufactureCountry />
      <ManufactureItemDescription />
      <UnitQty>י"ח</UnitQty>
      <Quantity>200</Quantity>
      <UnitMeasure>ל  גרם</UnitMeasure>
      <BisWeighted>0</BisWeighted>
      <QtyInPackage>1</QtyInPackage>
      <ItemPrice>12.90</ItemPrice>
      <UnitOfMeasurePrice>6.45</UnitOfMeasurePrice>
      <AllowDiscount>1</AllowDiscount>
      <itemStatus>1</itemStatus>
      <LastUpdateDate />
      <LastUpdateTime />
    </Product>
    <Product>
      <PriceUpdateDate>2013/12/18 15:14</PriceUpdateDate>
      <ItemCode>1594155</ItemCode>
      <ItemType>0</ItemType>
      <ItemName>בקבוק קוקה קולה חצי ליטר</ItemName>
      <ManufactureName>חברה המרכזית להפצת משקאות בעמ</ManufactureName>
      <ManufactureCountry />
      <ManufactureItemDescription />
      <UnitQty>י"ח</UnitQty>
      <Quantity>500</Quantity>
      <UnitMeasure>ל  מ"ל</UnitMeasure>
      <BisWeighted>0</BisWeighted>
      <QtyInPackage>1</QtyInPackage>
      <ItemPrice>5.80</ItemPrice>
      <UnitOfMeasurePrice>1.10</UnitOfMeasurePrice>
      <AllowDiscount>0</AllowDiscount>
      <itemStatus>1</itemStatus>
      <LastUpdateDate />
      <LastUpdateTime />
    </Product>
    <Product>
      <PriceUpdateDate>2018/11/27 10:01</PriceUpdateDate>
      <ItemCode>7290001594230</ItemCode>
      <ItemType>1</ItemType>
      <ItemName>סודה קינלי 250 מ"ל</ItemName>
      <ManufactureName>חברה המרכזית להפצת משקאות בעמ</ManufactureName>
      <ManufactureCountry />
      <ManufactureItemDescription />
      <UnitQty>י"ח</UnitQty>
      <Quantity>250</Quantity>
      <UnitMeasure>ל  מ"ל</UnitMeasure>
      <BisWeighted>0</BisWeighted>
      <QtyInPackage>1</QtyInPackage>
      <ItemPrice>3.20</ItemPrice>
      <UnitOfMeasurePrice>1.16</UnitOfMeasurePrice>
      <AllowDiscount>1</AllowDiscount>
      <itemStatus>1</itemStatus>
      <LastUpdateDate />
      <LastUpdateTime />
    </Product>
    <Product>
      <PriceUpdateDate>2015/09/10 08:58</PriceUpdateDate>
      <ItemCode>1594568</ItemCode>
      <ItemType>0</ItemType>
      <ItemName>קרלסברג 500 פחית</ItemName>
      <ManufactureName>חברה המרכזית להפצת משקאות בעמ</ManufactureName>
      <ManufactureCountry />
      <ManufactureItemDescription />
      <UnitQty>י"ח</UnitQty>
      <Quantity>500</Quantity>
      <UnitMeasure>ל  מ"ל</UnitMeasure>
      <BisWeighted>0</BisWeighted>
      <QtyInPackage>1</QtyInPackage>
      <ItemPrice>9.30</ItemPrice>
      <UnitOfMeasurePrice>1.80</UnitOfMeasurePrice>
      <AllowDiscount>0</AllowDiscount>
      <itemStatus>1</itemStatus>
      <LastUpdateDate />
      <LastUpdateTime />
    </Product>
    <Product>
      <PriceUpdateDate>2015/09/10 08:59</PriceUpdateDate>
      <ItemCode>7290001594575</ItemCode>
      <ItemType>1</ItemType>
      <ItemName>פחית טובורג 500</ItemName>
      <ManufactureName>חברה המרכזית להפצת משקאות בעמ</ManufactureName>
      <ManufactureCountry />
      <ManufactureItemDescription />
      <UnitQty>י"ח</UnitQty>
      <Quantity>500</Quantity>
      <UnitMeasure>ל  מ"ל</UnitMeasure>
      <BisWeighted>0</BisWeighted>
      <QtyInPackage>1</QtyInPackage>
      <ItemPrice>9.30</ItemPrice>
      <UnitOfMeasurePrice>1.80</UnitOfMeasurePrice>
      <AllowDiscount>0</AllowDiscount>
      <itemStatus>1</itemStatus>
      <LastUpdateDate />
      <LastUpdateTime />
    </Product>
    <Product>
      <PriceUpdateDate>2019/01/08 15:04</PriceUpdateDate>
      <ItemCode>1648919</ItemCode>
      <ItemType>0</ItemType>
      <ItemName>קפה כתר 70גר3*.</ItemName>
      <ManufactureName>רוני רג ואן</ManufactureName>
      <ManufactureCountry />
      <ManufactureItemDescription />
      <UnitQty>י"ח</UnitQty>
      <Quantity>210</Quantity>
      <UnitMeasure>ל  גרם</UnitMeasure>
      <BisWeighted>0</BisWeighted>
      <QtyInPackage>1</QtyInPackage>
      <ItemPrice>12.90</ItemPrice>
      <UnitOfMeasurePrice>6.14</UnitOfMeasurePrice>
      <AllowDiscount>1</AllowDiscount>
      <itemStatus>1</itemStatus>
      <LastUpdateDate />
      <LastUpdateTime />
    </Product>
    <Product>
      <PriceUpdateDate>2020/02/26 15:06</PriceUpdateDate>
      <ItemCode>1664032</ItemCode>
      <ItemType>0</ItemType>
      <ItemName>פילה  בקלה(מרלוזה)ארוז.</ItemName>
      <ManufactureName>בלדי בעמ</ManufactureName>
      <ManufactureCountry />
      <ManufactureItemDescription />
      <UnitQty>ק"ג</UnitQty>
      <Quantity>1</Quantity>
      <UnitMeasure>ק"ג</UnitMeasure>
      <BisWeighted>1</BisWeighted>
      <QtyInPackage>1</QtyInPackage>
      <ItemPrice>24.90</ItemPrice>
      <UnitOfMeasurePrice>24.90</UnitOfMeasurePrice>
      <AllowDiscount>0</AllowDiscount>
      <itemStatus>1</itemStatus>
      <LastUpdateDate />
      <LastUpdateTime />
    </Product>
    <Product>
      <PriceUpdateDate>2018/06/25 08:50</PriceUpdateDate>
      <ItemCode>7290001670873</ItemCode>
      <ItemType>1</ItemType>
      <ItemName>צלחות 1 ק"ג הנמל</ItemName>
      <ManufactureName>הנמל אריזות ושווק בעמ</ManufactureName>
      <ManufactureCountry />
      <ManufactureItemDescription />
      <UnitQty>י"ח</UnitQty>
      <Quantity>1</Quantity>
      <UnitMeasure>ק"ג</UnitMeasure>
      <BisWeighted>0</BisWeighted>
      <QtyInPackage>1</QtyInPackage>
      <ItemPrice>19.90</ItemPrice>
      <UnitOfMeasurePrice>19.90</UnitOfMeasurePrice>
      <AllowDiscount>0</AllowDiscount>
      <itemStatus>1</itemStatus>
      <LastUpdateDate />
      <LastUpdateTime />
    </Product>
    <Product>
      <PriceUpdateDate>2019/03/11 14:16</PriceUpdateDate>
      <ItemCode>1710135</ItemCode>
      <ItemType>0</ItemType>
      <ItemName>סטייק עוף</ItemName>
      <ManufactureName>נטו מלינדה סחר בעמ</ManufactureName>
      <ManufactureCountry />
      <ManufactureItemDescription />
      <UnitQty>ק"ג</UnitQty>
      <Quantity>1</Quantity>
      <UnitMeasure />
      <BisWeighted>1</BisWeighted>
      <QtyInPackage>1</QtyInPackage>
      <ItemPrice>21.90</ItemPrice>
      <UnitOfMeasurePrice>21.90</UnitOfMeasurePrice>
      <AllowDiscount>0</AllowDiscount>
      <itemStatus>1</itemStatus>
      <LastUpdateDate />
      <LastUpdateTime />
    </Product>
    <Product>
      <PriceUpdateDate>2018/03/01 13:04</PriceUpdateDate>
      <ItemCode>7290001780428</ItemCode>
      <ItemType>1</ItemType>
      <ItemName>שלגון לייט שוקולד מאגדת שישייה</ItemName>
      <ManufactureName>נגה גלידות</ManufactureName>
      <ManufactureCountry />
      <ManufactureItemDescription />
      <UnitQty>י"ח</UnitQty>
      <Quantity>312</Quantity>
      <UnitMeasure>ל  גרם</UnitMeasure>
      <BisWeighted>0</BisWeighted>
      <QtyInPackage>1</QtyInPackage>
      <ItemPrice>29.90</ItemPrice>
      <UnitOfMeasurePrice>9.58</UnitOfMeasurePrice>
      <AllowDiscount>0</AllowDiscount>
      <itemStatus>1</itemStatus>
      <LastUpdateDate />
      <LastUpdateTime />
    </Product>
    <Product>
      <PriceUpdateDate>2020/03/11 11:11</PriceUpdateDate>
      <ItemCode>7290001780800</ItemCode>
      <ItemType>1</ItemType>
      <ItemName>קראנצ  שלגון נוגט כשל"פ</ItemName>
      <ManufactureName>נגה גלידות</ManufactureName>
      <ManufactureCountry />
      <ManufactureItemDescription />
      <UnitQty>י"ח</UnitQty>
      <Quantity>1</Quantity>
      <UnitMeasure />
      <BisWeighted>0</BisWeighted>
      <QtyInPackage>1</QtyInPackage>
      <ItemPrice>11.90</ItemPrice>
      <UnitOfMeasurePrice>11.90</UnitOfMeasurePrice>
      <AllowDiscount>1</AllowDiscount>
      <itemStatus>1</itemStatus>
      <LastUpdateDate />
      <LastUpdateTime />
    </Product>
    <Product>
      <PriceUpdateDate>2019/12/09 14:32</PriceUpdateDate>
      <ItemCode>7290001791356</ItemCode>
      <ItemType>1</ItemType>
      <ItemName>פרש אוטומטיק לבנדר</ItemName>
      <ManufactureName>החב הדרומית לשיווק</ManufactureName>
      <ManufactureCountry />
      <ManufactureItemDescription />
      <UnitQty>י"ח</UnitQty>
      <Quantity>165</Quantity>
      <UnitMeasure>ל  גרם</UnitMeasure>
      <BisWeighted>0</BisWeighted>
      <QtyInPackage>1</QtyInPackage>
      <ItemPrice>15.90</ItemPrice>
      <UnitOfMeasurePrice>9.64</UnitOfMeasurePrice>
      <AllowDiscount>1</AllowDiscount>
      <itemStatus>1</itemStatus>
      <LastUpdateDate />
      <LastUpdateTime />
    </Product>
    <Product>
      <PriceUpdateDate>2019/12/04 14:54</PriceUpdateDate>
      <ItemCode>7290001791363</ItemCode>
      <ItemType>1</ItemType>
      <ItemName>פרש אוטומטיק וניל</ItemName>
      <ManufactureName>החב הדרומית לשיווק</ManufactureName>
      <ManufactureCountry />
      <ManufactureItemDescription />
      <UnitQty>י"ח</UnitQty>
      <Quantity>165</Quantity>
      <UnitMeasure>ל  גרם</UnitMeasure>
      <BisWeighted>0</BisWeighted>
      <QtyInPackage>1</QtyInPackage>
      <ItemPrice>15.90</ItemPrice>
      <UnitOfMeasurePrice>9.64</UnitOfMeasurePrice>
      <AllowDiscount>1</AllowDiscount>
      <itemStatus>1</itemStatus>
      <LastUpdateDate />
      <LastUpdateTime />
    </Product>
    <Product>
      <PriceUpdateDate>2016/07/05 20:08</PriceUpdateDate>
      <ItemCode>7290001791776</ItemCode>
      <ItemType>1</ItemType>
      <ItemName>סנו די דוחה יתושים אלוורה</ItemName>
      <ManufactureName>החב הדרומית לשיווק</ManufactureName>
      <ManufactureCountry />
      <ManufactureItemDescription />
      <UnitQty>י"ח</UnitQty>
      <Quantity>50</Quantity>
      <UnitMeasure>ל  מ"ל</UnitMeasure>
      <BisWeighted>0</BisWeighted>
      <QtyInPackage>1</QtyInPackage>
      <ItemPrice>17.90</ItemPrice>
      <UnitOfMeasurePrice>35.80</UnitOfMeasurePrice>
      <AllowDiscount>0</AllowDiscount>
      <itemStatus>1</itemStatus>
      <LastUpdateDate />
      <LastUpdateTime />
    </Product>
    <Product>
      <PriceUpdateDate>2019/01/09 16:09</PriceUpdateDate>
      <ItemCode>7290001813881</ItemCode>
      <ItemType>1</ItemType>
      <ItemName>פתי בר עלית 500 גר</ItemName>
      <ManufactureName>שטראוס גרופ בעמ</ManufactureName>
      <ManufactureCountry />
      <ManufactureItemDescription />
      <UnitQty>י"ח</UnitQty>
      <Quantity>500</Quantity>
      <UnitMeasure>ל  גרם</UnitMeasure>
      <BisWeighted>0</BisWeighted>
      <QtyInPackage>1</QtyInPackage>
      <ItemPrice>10.90</ItemPrice>
      <UnitOfMeasurePrice>2.18</UnitOfMeasurePrice>
      <AllowDiscount>1</AllowDiscount>
      <itemStatus>1</itemStatus>
      <LastUpdateDate />
      <LastUpdateTime />
    </Product>
    <Product>
      <PriceUpdateDate>2018/07/16 14:01</PriceUpdateDate>
      <ItemCode>7290001817063</ItemCode>
      <ItemType>1</ItemType>
      <ItemName>טופי מזל  וברכות(עלית{ 850גר</ItemName>
      <ManufactureName>שטראוס גרופ בעמ</ManufactureName>
      <ManufactureCountry />
      <ManufactureItemDescription />
      <UnitQty>י"ח</UnitQty>
      <Quantity>850</Quantity>
      <UnitMeasure>ל  גרם</UnitMeasure>
      <BisWeighted>0</BisWeighted>
      <QtyInPackage>1</QtyInPackage>
      <ItemPrice>15.90</ItemPrice>
      <UnitOfMeasurePrice>1.87</UnitOfMeasurePrice>
      <AllowDiscount>0</AllowDiscount>
      <itemStatus>1</itemStatus>
      <LastUpdateDate />
      <LastUpdateTime />
    </Product>
    <Product>
      <PriceUpdateDate>2019/01/13 12:52</PriceUpdateDate>
      <ItemCode>7290001817377</ItemCode>
      <ItemType>1</ItemType>
      <ItemName>צ יטוס O-X 60גר.</ItemName>
      <ManufactureName>שטראוס פריטו ליי בעמ</ManufactureName>
      <ManufactureCountry />
      <ManufactureItemDescription />
      <UnitQty>י"ח</UnitQty>
      <Quantity>60</Quantity>
      <UnitMeasure>ל  גרם</UnitMeasure>
      <BisWeighted>0</BisWeighted>
      <QtyInPackage>1</QtyInPackage>
      <ItemPrice>3.50</ItemPrice>
      <UnitOfMeasurePrice>5.83</UnitOfMeasurePrice>
      <AllowDiscount>1</AllowDiscount>
      <itemStatus>1</itemStatus>
      <LastUpdateDate />
      <LastUpdateTime />
    </Product>
    <Product>
      <PriceUpdateDate>2019/01/13 12:52</PriceUpdateDate>
      <ItemCode>7290001817728</ItemCode>
      <ItemType>1</ItemType>
      <ItemName>צ יטוס כאפה 55גר</ItemName>
      <ManufactureName>שטראוס פריטו ליי בעמ</ManufactureName>
      <ManufactureCountry />
      <ManufactureItemDescription />
      <UnitQty>י"ח</UnitQty>
      <Quantity>0.55</Quantity>
      <UnitMeasure>י"ח</UnitMeasure>
      <BisWeighted>0</BisWeighted>
      <QtyInPackage>1</QtyInPackage>
      <ItemPrice>3.50</ItemPrice>
      <UnitOfMeasurePrice>6.36</UnitOfMeasurePrice>
      <AllowDiscount>1</AllowDiscount>
      <itemStatus>1</itemStatus>
      <LastUpdateDate />
      <LastUpdateTime />
    </Product>
    <Product>
      <PriceUpdateDate>2014/04/10 16:13</PriceUpdateDate>
      <ItemCode>1835388</ItemCode>
      <ItemType>0</ItemType>
      <ItemName>פרמיו חטיף סטריפס  לכלבים 85גר</ItemName>
      <ManufactureName>גורי מוצרי צריכה בעמ</ManufactureName>
      <ManufactureCountry />
      <ManufactureItemDescription />
      <UnitQty>י"ח</UnitQty>
      <Quantity>270</Quantity>
      <UnitMeasure>ל  גרם</UnitMeasure>
      <BisWeighted>0</BisWeighted>
      <QtyInPackage>1</QtyInPackage>
      <ItemPrice>19.90</ItemPrice>
      <UnitOfMeasurePrice>7.37</UnitOfMeasurePrice>
      <AllowDiscount>0</AllowDiscount>
      <itemStatus>1</itemStatus>
      <LastUpdateDate />
      <LastUpdateTime />
    </Product>
    <Product>
      <PriceUpdateDate>2016/10/27 18:06</PriceUpdateDate>
      <ItemCode>7290001855072</ItemCode>
      <ItemType>1</ItemType>
      <ItemName>שמן קנולה 1 ליטר</ItemName>
      <ManufactureName>שלי בר יבוא וסוכנויות מזון</ManufactureName>
      <ManufactureCountry />
      <ManufactureItemDescription />
      <UnitQty>י"ח</UnitQty>
      <Quantity>1</Quantity>
      <UnitMeasure>ליטר</UnitMeasure>
      <BisWeighted>0</BisWeighted>
      <QtyInPackage>1</QtyInPackage>
      <ItemPrice>6.90</ItemPrice>
      <UnitOfMeasurePrice>6.90</UnitOfMeasurePrice>
      <AllowDiscount>1</AllowDiscount>
      <itemStatus>1</itemStatus>
      <LastUpdateDate />
      <LastUpdateTime />
    </Product>
    <Product>
      <PriceUpdateDate>2020/04/28 08:13</PriceUpdateDate>
      <ItemCode>1873779</ItemCode>
      <ItemType>0</ItemType>
      <ItemName>גבנ"צ עלמה 400ג*</ItemName>
      <ManufactureName>נטו מלינדה סחר בעמ</ManufactureName>
      <ManufactureCountry />
      <ManufactureItemDescription />
      <UnitQty>י"ח</UnitQty>
      <Quantity>400</Quantity>
      <UnitMeasure>ל  גרם</UnitMeasure>
      <BisWeighted>0</BisWeighted>
      <QtyInPackage>1</QtyInPackage>
      <ItemPrice>14.40</ItemPrice>
      <UnitOfMeasurePrice>3.60</UnitOfMeasurePrice>
      <AllowDiscount>1</AllowDiscount>
      <itemStatus>1</itemStatus>
      <LastUpdateDate />
      <LastUpdateTime />
    </Product>
    <Product>
      <PriceUpdateDate>2020/02/06 10:27</PriceUpdateDate>
      <ItemCode>1873984</ItemCode>
      <ItemType>0</ItemType>
      <ItemName>טונה ויליגר מארז 6יח בשמן</ItemName>
      <ManufactureName>נטו מלינדה סחר בעמ</ManufactureName>
      <ManufactureCountry />
      <ManufactureItemDescription />
      <UnitQty>י"ח</UnitQty>
      <Quantity>340</Quantity>
      <UnitMeasure>ל  גרם</UnitMeasure>
      <BisWeighted>0</BisWeighted>
      <QtyInPackage>1</QtyInPackage>
      <ItemPrice>27.90</ItemPrice>
      <UnitOfMeasurePrice>8.21</UnitOfMeasurePrice>
      <AllowDiscount>0</AllowDiscount>
      <itemStatus>1</itemStatus>
      <LastUpdateDate />
      <LastUpdateTime />
    </Product>
    <Product>
      <PriceUpdateDate>2019/09/04 16:12</PriceUpdateDate>
      <ItemCode>1879627</ItemCode>
      <ItemType>0</ItemType>
      <ItemName>פילה עוף  טרי**</ItemName>
      <ManufactureName>ח.י. מעדני גורמה בעמ</ManufactureName>
      <ManufactureCountry />
      <ManufactureItemDescription />
      <UnitQty>ק"ג</UnitQty>
      <Quantity>1</Quantity>
      <UnitMeasure />
      <BisWeighted>1</BisWeighted>
      <QtyInPackage>1</QtyInPackage>
      <ItemPrice>48.90</ItemPrice>
      <UnitOfMeasurePrice>48.90</UnitOfMeasurePrice>
      <AllowDiscount>1</AllowDiscount>
      <itemStatus>1</itemStatus>
      <LastUpdateDate />
      <LastUpdateTime />
    </Product>
    <Product>
      <PriceUpdateDate>2015/12/13 18:01</PriceUpdateDate>
      <ItemCode>1946121</ItemCode>
      <ItemType>0</ItemType>
      <ItemName>פפריקה 400גר`</ItemName>
      <ManufactureName>דין שיווק וקליהבעמ</ManufactureName>
      <ManufactureCountry />
      <ManufactureItemDescription />
      <UnitQty>י"ח</UnitQty>
      <Quantity>400</Quantity>
      <UnitMeasure>ל  גרם</UnitMeasure>
      <BisWeighted>0</BisWeighted>
      <QtyInPackage>1</QtyInPackage>
      <ItemPrice>20.90</ItemPrice>
      <UnitOfMeasurePrice>5.23</UnitOfMeasurePrice>
      <AllowDiscount>1</AllowDiscount>
      <itemStatus>1</itemStatus>
      <LastUpdateDate />
      <LastUpdateTime />
    </Product>
    <Product>
      <PriceUpdateDate>2017/01/16 13:18</PriceUpdateDate>
      <ItemCode>7290001973233</ItemCode>
      <ItemType>1</ItemType>
      <ItemName>מגבוני דיספנסר 120 יח</ItemName>
      <ManufactureName>פישר תעשיות פרמבצטיות בעמ</ManufactureName>
      <ManufactureCountry />
      <ManufactureItemDescription />
      <UnitQty>י"ח</UnitQty>
      <Quantity>120</Quantity>
      <UnitMeasure>י"ח</UnitMeasure>
      <BisWeighted>0</BisWeighted>
      <QtyInPackage>1</QtyInPackage>
      <ItemPrice>10.90</ItemPrice>
      <UnitOfMeasurePrice>0.09</UnitOfMeasurePrice>
      <AllowDiscount>0</AllowDiscount>
      <itemStatus>1</itemStatus>
      <LastUpdateDate />
      <LastUpdateTime />
    </Product>
    <Product>
      <PriceUpdateDate>2016/03/09 18:10</PriceUpdateDate>
      <ItemCode>7290001985311</ItemCode>
      <ItemType>1</ItemType>
      <ItemName>מאגדת מגנום מיני שטראוס</ItemName>
      <ManufactureName>גלידות שטראוס בעמ</ManufactureName>
      <ManufactureCountry />
      <ManufactureItemDescription />
      <UnitQty>י"ח</UnitQty>
      <Quantity>1</Quantity>
      <UnitMeasure />
      <BisWeighted>0</BisWeighted>
      <QtyInPackage>1</QtyInPackage>
      <ItemPrice>27.90</ItemPrice>
      <UnitOfMeasurePrice>27.90</UnitOfMeasurePrice>
      <AllowDiscount>0</AllowDiscount>
      <itemStatus>1</itemStatus>
      <LastUpdateDate />
      <LastUpdateTime />
    </Product>
    <Product>
      <PriceUpdateDate>2020/02/26 09:08</PriceUpdateDate>
      <ItemCode>1989388</ItemCode>
      <ItemType>0</ItemType>
      <ItemName>מעדן מטיאס הולנדי במשקל</ItemName>
      <ManufactureName>לפ לפ סלטי שמיר 2006 בעמ</ManufactureName>
      <ManufactureCountry />
      <ManufactureItemDescription />
      <UnitQty>ק"ג</UnitQty>
      <Quantity>1</Quantity>
      <UnitMeasure />
      <BisWeighted>1</BisWeighted>
      <QtyInPackage>1</QtyInPackage>
      <ItemPrice>61</ItemPrice>
      <UnitOfMeasurePrice>61</UnitOfMeasurePrice>
      <AllowDiscount>0</AllowDiscount>
      <itemStatus>1</itemStatus>
      <LastUpdateDate />
      <LastUpdateTime />
    </Product>
    <Product>
      <PriceUpdateDate>2020/02/26 09:08</PriceUpdateDate>
      <ItemCode>1989395</ItemCode>
      <ItemType>0</ItemType>
      <ItemName>הרינג כבוש עם בצל במשקל</ItemName>
      <ManufactureName>לפ לפ סלטי שמיר 2006 בעמ</ManufactureName>
      <ManufactureCountry />
      <ManufactureItemDescription />
      <UnitQty>ק"ג</UnitQty>
      <Quantity>1</Quantity>
      <UnitMeasure />
      <BisWeighted>1</BisWeighted>
      <QtyInPackage>1</QtyInPackage>
      <ItemPrice>62</ItemPrice>
      <UnitOfMeasurePrice>62</UnitOfMeasurePrice>
      <AllowDiscount>0</AllowDiscount>
      <itemStatus>1</itemStatus>
      <LastUpdateDate />
      <LastUpdateTime />
    </Product>
    <Product>
      <PriceUpdateDate>2018/11/29 12:03</PriceUpdateDate>
      <ItemCode>7290001990117</ItemCode>
      <ItemType>1</ItemType>
      <ItemName>שומשום 100 גרם סוגת</ItemName>
      <ManufactureName>סוגת תעשיות בעמ</ManufactureName>
      <ManufactureCountry />
      <ManufactureItemDescription />
      <UnitQty>י"ח</UnitQty>
      <Quantity>100</Quantity>
      <UnitMeasure>ל  גרם</UnitMeasure>
      <BisWeighted>0</BisWeighted>
      <QtyInPackage>1</QtyInPackage>
      <ItemPrice>4.90</ItemPrice>
      <UnitOfMeasurePrice>4.90</UnitOfMeasurePrice>
      <AllowDiscount>1</AllowDiscount>
      <itemStatus>1</itemStatus>
      <LastUpdateDate />
      <LastUpdateTime />
    </Product>
    <Product>
      <PriceUpdateDate>2016/05/26 14:03</PriceUpdateDate>
      <ItemCode>7290001990148</ItemCode>
      <ItemType>1</ItemType>
      <ItemName>סוכר גולרן קלסי צנצנת</ItemName>
      <ManufactureName>סוגת תעשיות בעמ</ManufactureName>
      <ManufactureCountry />
      <ManufactureItemDescription />
      <UnitQty>י"ח</UnitQty>
      <Quantity>1</Quantity>
      <UnitMeasure>ק"ג</UnitMeasure>
      <BisWeighted>0</BisWeighted>
      <QtyInPackage>1</QtyInPackage>
      <ItemPrice>10.90</ItemPrice>
      <UnitOfMeasurePrice>10.90</UnitOfMeasurePrice>
      <AllowDiscount>0</AllowDiscount>
      <itemStatus>1</itemStatus>
      <LastUpdateDate />
      <LastUpdateTime />
    </Product>
    <Product>
      <PriceUpdateDate>2020/01/07 11:37</PriceUpdateDate>
      <ItemCode>7290001990391</ItemCode>
      <ItemType>1</ItemType>
      <ItemName>אפונה 1 ק"ג</ItemName>
      <ManufactureName>סוגת תעשיות בעמ</ManufactureName>
      <ManufactureCountry />
      <ManufactureItemDescription />
      <UnitQty>י"ח</UnitQty>
      <Quantity>1</Quantity>
      <UnitMeasure>ק"ג</UnitMeasure>
      <BisWeighted>0</BisWeighted>
      <QtyInPackage>1</QtyInPackage>
      <ItemPrice>9.90</ItemPrice>
      <UnitOfMeasurePrice>9.90</UnitOfMeasurePrice>
      <AllowDiscount>0</AllowDiscount>
      <itemStatus>1</itemStatus>
      <LastUpdateDate />
      <LastUpdateTime />
    </Product>
    <Product>
      <PriceUpdateDate>2016/12/19 10:40</PriceUpdateDate>
      <ItemCode>7290001990407</ItemCode>
      <ItemType>1</ItemType>
      <ItemName>עדשים ירוקים 1 ק"ג סוגת</ItemName>
      <ManufactureName>סוגת תעשיות בעמ</ManufactureName>
      <ManufactureCountry />
      <ManufactureItemDescription />
      <UnitQty>י"ח</UnitQty>
      <Quantity>1</Quantity>
      <UnitMeasure>ק"ג</UnitMeasure>
      <BisWeighted>0</BisWeighted>
      <QtyInPackage>1</QtyInPackage>
      <ItemPrice>12.90</ItemPrice>
      <UnitOfMeasurePrice>12.90</UnitOfMeasurePrice>
      <AllowDiscount>0</AllowDiscount>
      <itemStatus>1</itemStatus>
      <LastUpdateDate />
      <LastUpdateTime />
    </Product>
    <Product>
      <PriceUpdateDate>2017/03/03 11:02</PriceUpdateDate>
      <ItemCode>7290002007302</ItemCode>
      <ItemType>1</ItemType>
      <ItemName>סוכריות לקישוט</ItemName>
      <ManufactureName>הנמל אריזות ושווק בעמ</ManufactureName>
      <ManufactureCountry />
      <ManufactureItemDescription />
      <UnitQty />
      <Quantity>100</Quantity>
      <UnitMeasure>ל  גרם</UnitMeasure>
      <BisWeighted>0</BisWeighted>
      <QtyInPackage>1</QtyInPackage>
      <ItemPrice>4.90</ItemPrice>
      <UnitOfMeasurePrice>4.90</UnitOfMeasurePrice>
      <AllowDiscount>0</AllowDiscount>
      <itemStatus>1</itemStatus>
      <LastUpdateDate />
      <LastUpdateTime />
    </Product>
    <Product>
      <PriceUpdateDate>2019/09/03 09:08</PriceUpdateDate>
      <ItemCode>7290002007357</ItemCode>
      <ItemType>1</ItemType>
      <ItemName>שקיות לצליה 10יח</ItemName>
      <ManufactureName>הנמל אריזות ושווק בעמ</ManufactureName>
      <ManufactureCountry />
      <ManufactureItemDescription />
      <UnitQty>י"ח</UnitQty>
      <Quantity>10</Quantity>
      <UnitMeasure>י"ח</UnitMeasure>
      <BisWeighted>0</BisWeighted>
      <QtyInPackage>1</QtyInPackage>
      <ItemPrice>5.90</ItemPrice>
      <UnitOfMeasurePrice>0.59</UnitOfMeasurePrice>
      <AllowDiscount>0</AllowDiscount>
      <itemStatus>1</itemStatus>
      <LastUpdateDate />
      <LastUpdateTime />
    </Product>
    <Product>
      <PriceUpdateDate>2017/01/16 14:20</PriceUpdateDate>
      <ItemCode>7290002007371</ItemCode>
      <ItemType>1</ItemType>
      <ItemName>פירורי לחם 500גר הנמל</ItemName>
      <ManufactureName>הנמל אריזות ושווק בעמ</ManufactureName>
      <ManufactureCountry />
      <ManufactureItemDescription />
      <UnitQty>י"ח</UnitQty>
      <Quantity>500</Quantity>
      <UnitMeasure>ל  גרם</UnitMeasure>
      <BisWeighted>0</BisWeighted>
      <QtyInPackage>1</QtyInPackage>
      <ItemPrice>5.90</ItemPrice>
      <UnitOfMeasurePrice>1.18</UnitOfMeasurePrice>
      <AllowDiscount>0</AllowDiscount>
      <itemStatus>1</itemStatus>
      <LastUpdateDate />
      <LastUpdateTime />
    </Product>
    <Product>
      <PriceUpdateDate>2014/01/05 16:21</PriceUpdateDate>
      <ItemCode>7290002008057</ItemCode>
      <ItemType>1</ItemType>
      <ItemName>תמצית רום</ItemName>
      <ManufactureName>הנמל אריזות ושווק בעמ</ManufactureName>
      <ManufactureCountry />
      <ManufactureItemDescription />
      <UnitQty>י"ח</UnitQty>
      <Quantity>55</Quantity>
      <UnitMeasure>ל  מ"ל</UnitMeasure>
      <BisWeighted>0</BisWeighted>
      <QtyInPackage>1</QtyInPackage>
      <ItemPrice>3.10</ItemPrice>
      <UnitOfMeasurePrice>5.64</UnitOfMeasurePrice>
      <AllowDiscount>0</AllowDiscount>
      <itemStatus>1</itemStatus>
      <LastUpdateDate />
      <LastUpdateTime />
    </Product>
    <Product>
      <PriceUpdateDate>2014/01/05 15:12</PriceUpdateDate>
      <ItemCode>7290002008071</ItemCode>
      <ItemType>1</ItemType>
      <ItemName>עטרות חום 2</ItemName>
      <ManufactureName>הנמל אריזות ושווק בעמ</ManufactureName>
      <ManufactureCountry />
      <ManufactureItemDescription />
      <UnitQty>י"ח</UnitQty>
      <Quantity>1</Quantity>
      <UnitMeasure />
      <BisWeighted>0</BisWeighted>
      <QtyInPackage>1</QtyInPackage>
      <ItemPrice>4.90</ItemPrice>
      <UnitOfMeasurePrice>4.90</UnitOfMeasurePrice>
      <AllowDiscount>0</AllowDiscount>
      <itemStatus>1</itemStatus>
      <LastUpdateDate />
      <LastUpdateTime />
    </Product>
    <Product>
      <PriceUpdateDate>2018/07/02 15:06</PriceUpdateDate>
      <ItemCode>2008149</ItemCode>
      <ItemType>0</ItemType>
      <ItemName>מדליק פחם מוצק</ItemName>
      <ManufactureName>הנמל אריזות ושווק בעמ</ManufactureName>
      <ManufactureCountry />
      <ManufactureItemDescription />
      <UnitQty>י"ח</UnitQty>
      <Quantity>1</Quantity>
      <UnitMeasure />
      <BisWeighted>0</BisWeighted>
      <QtyInPackage>1</QtyInPackage>
      <ItemPrice>6.90</ItemPrice>
      <UnitOfMeasurePrice>6.90</UnitOfMeasurePrice>
      <AllowDiscount>0</AllowDiscount>
      <itemStatus>1</itemStatus>
      <LastUpdateDate />
      <LastUpdateTime />
    </Product>
    <Product>
      <PriceUpdateDate>2014/01/05 15:10</PriceUpdateDate>
      <ItemCode>7290002008170</ItemCode>
      <ItemType>1</ItemType>
      <ItemName>עטרות חום 3</ItemName>
      <ManufactureName>הנמל אריזות ושווק בעמ</ManufactureName>
      <ManufactureCountry />
      <ManufactureItemDescription />
      <UnitQty>י"ח</UnitQty>
      <Quantity>1</Quantity>
      <UnitMeasure />
      <BisWeighted>0</BisWeighted>
      <QtyInPackage>1</QtyInPackage>
      <ItemPrice>4.90</ItemPrice>
      <UnitOfMeasurePrice>4.90</UnitOfMeasurePrice>
      <AllowDiscount>0</AllowDiscount>
      <itemStatus>1</itemStatus>
      <LastUpdateDate />
      <LastUpdateTime />
    </Product>
    <Product>
      <PriceUpdateDate>2014/01/05 15:09</PriceUpdateDate>
      <ItemCode>7290002008224</ItemCode>
      <ItemType>1</ItemType>
      <ItemName>מזרה שוקו-כסף</ItemName>
      <ManufactureName>הנמל אריזות ושווק בעמ</ManufactureName>
      <ManufactureCountry />
      <ManufactureItemDescription />
      <UnitQty>י"ח</UnitQty>
      <Quantity>60</Quantity>
      <UnitMeasure>ל  גרם</UnitMeasure>
      <BisWeighted>0</BisWeighted>
      <QtyInPackage>1</QtyInPackage>
      <ItemPrice>5.10</ItemPrice>
      <UnitOfMeasurePrice>8.50</UnitOfMeasurePrice>
      <AllowDiscount>0</AllowDiscount>
      <itemStatus>1</itemStatus>
      <LastUpdateDate />
      <LastUpdateTime />
    </Product>
    <Product>
      <PriceUpdateDate>2014/01/05 15:10</PriceUpdateDate>
      <ItemCode>7290002008309</ItemCode>
      <ItemType>1</ItemType>
      <ItemName>עטרות חום 4</ItemName>
      <ManufactureName>הנמל אריזות ושווק בעמ</ManufactureName>
      <ManufactureCountry />
      <ManufactureItemDescription />
      <UnitQty>י"ח</UnitQty>
      <Quantity>1</Quantity>
      <UnitMeasure />
      <BisWeighted>0</BisWeighted>
      <QtyInPackage>1</QtyInPackage>
      <ItemPrice>4.90</ItemPrice>
      <UnitOfMeasurePrice>4.90</UnitOfMeasurePrice>
      <AllowDiscount>0</AllowDiscount>
      <itemStatus>1</itemStatus>
      <LastUpdateDate />
      <LastUpdateTime />
    </Product>
    <Product>
      <PriceUpdateDate>2014/01/05 15:11</PriceUpdateDate>
      <ItemCode>7290002008460</ItemCode>
      <ItemType>1</ItemType>
      <ItemName>עטרות חום 1.5</ItemName>
      <ManufactureName>הנמל אריזות ושווק בעמ</ManufactureName>
      <ManufactureCountry />
      <ManufactureItemDescription />
      <UnitQty>י"ח</UnitQty>
      <Quantity>1</Quantity>
      <UnitMeasure />
      <BisWeighted>0</BisWeighted>
      <QtyInPackage>1</QtyInPackage>
      <ItemPrice>3.60</ItemPrice>
      <UnitOfMeasurePrice>3.60</UnitOfMeasurePrice>
      <AllowDiscount>0</AllowDiscount>
      <itemStatus>1</itemStatus>
      <LastUpdateDate />
      <LastUpdateTime />
    </Product>
    <Product>
      <PriceUpdateDate>2017/01/01 09:00</PriceUpdateDate>
      <ItemCode>7290002008507</ItemCode>
      <ItemType>1</ItemType>
      <ItemName>נייר אפיה הנמל</ItemName>
      <ManufactureName>הנמל אריזות ושווק בעמ</ManufactureName>
      <ManufactureCountry />
      <ManufactureItemDescription />
      <UnitQty>י"ח</UnitQty>
      <Quantity>1</Quantity>
      <UnitMeasure />
      <BisWeighted>0</BisWeighted>
      <QtyInPackage>1</QtyInPackage>
      <ItemPrice>9.90</ItemPrice>
      <UnitOfMeasurePrice>9.90</UnitOfMeasurePrice>
      <AllowDiscount>0</AllowDiscount>
      <itemStatus>1</itemStatus>
      <LastUpdateDate />
      <LastUpdateTime />
    </Product>
    <Product>
      <PriceUpdateDate>2014/01/05 15:09</PriceUpdateDate>
      <ItemCode>7290002008743</ItemCode>
      <ItemType>1</ItemType>
      <ItemName>סוכר וניל 10יח</ItemName>
      <ManufactureName>הנמל אריזות ושווק בעמ</ManufactureName>
      <ManufactureCountry />
      <ManufactureItemDescription />
      <UnitQty>י"ח</UnitQty>
      <Quantity>100</Quantity>
      <UnitMeasure>ל  גרם</UnitMeasure>
      <BisWeighted>0</BisWeighted>
      <QtyInPackage>1</QtyInPackage>
      <ItemPrice>2.10</ItemPrice>
      <UnitOfMeasurePrice>2.10</UnitOfMeasurePrice>
      <AllowDiscount>0</AllowDiscount>
      <itemStatus>1</itemStatus>
      <LastUpdateDate />
      <LastUpdateTime />
    </Product>
    <Product>
      <PriceUpdateDate>2013/12/10 11:04</PriceUpdateDate>
      <ItemCode>7290002008835</ItemCode>
      <ItemType>1</ItemType>
      <ItemName>מגן כיריים</ItemName>
      <ManufactureName>הנמל אריזות ושווק בעמ</ManufactureName>
      <ManufactureCountry />
      <ManufactureItemDescription />
      <UnitQty>י"ח</UnitQty>
      <Quantity>1</Quantity>
      <UnitMeasure />
      <BisWeighted>0</BisWeighted>
      <QtyInPackage>1</QtyInPackage>
      <ItemPrice>4.80</ItemPrice>
      <UnitOfMeasurePrice>4.80</UnitOfMeasurePrice>
      <AllowDiscount>0</AllowDiscount>
      <itemStatus>1</itemStatus>
      <LastUpdateDate />
      <LastUpdateTime />
    </Product>
    <Product>
      <PriceUpdateDate>2013/11/25 15:49</PriceUpdateDate>
      <ItemCode>2013006</ItemCode>
      <ItemType>0</ItemType>
      <ItemName>פסטרמה מקסיקנית</ItemName>
      <ManufactureName>זוגלובק שיווק בעמ</ManufactureName>
      <ManufactureCountry />
      <ManufactureItemDescription />
      <UnitQty>ק"ג</UnitQty>
      <Quantity>1</Quantity>
      <UnitMeasure />
      <BisWeighted>1</BisWeighted>
      <QtyInPackage>1</QtyInPackage>
      <ItemPrice>76.90</ItemPrice>
      <UnitOfMeasurePrice>76.90</UnitOfMeasurePrice>
      <AllowDiscount>0</AllowDiscount>
      <itemStatus>1</itemStatus>
      <LastUpdateDate />
      <LastUpdateTime />
    </Product>
    <Product>
      <PriceUpdateDate>2013/11/25 15:49</PriceUpdateDate>
      <ItemCode>2013037</ItemCode>
      <ItemType>0</ItemType>
      <ItemName>פסטרמה פרגיות על לבנים 1% שומן</ItemName>
      <ManufactureName>זוגלובק שיווק בעמ</ManufactureName>
      <ManufactureCountry />
      <ManufactureItemDescription />
      <UnitQty>ק"ג</UnitQty>
      <Quantity>1</Quantity>
      <UnitMeasure />
      <BisWeighted>1</BisWeighted>
      <QtyInPackage>1</QtyInPackage>
      <ItemPrice>76.90</ItemPrice>
      <UnitOfMeasurePrice>76.90</UnitOfMeasurePrice>
      <AllowDiscount>0</AllowDiscount>
      <itemStatus>1</itemStatus>
      <LastUpdateDate />
      <LastUpdateTime />
    </Product>
    <Product>
      <PriceUpdateDate>2013/06/04 16:08</PriceUpdateDate>
      <ItemCode>7290002015093</ItemCode>
      <ItemType>1</ItemType>
      <ItemName>מלפ חומץ .A2]13-17ב.ד[</ItemName>
      <ManufactureName>ח.כהן סוכנות מזון ומשקאות בע</ManufactureName>
      <ManufactureCountry />
      <ManufactureItemDescription />
      <UnitQty>י"ח</UnitQty>
      <Quantity>560</Quantity>
      <UnitMeasure>ל  גרם</UnitMeasure>
      <BisWeighted>0</BisWeighted>
      <QtyInPackage>1</QtyInPackage>
      <ItemPrice>7</ItemPrice>
      <UnitOfMeasurePrice>1.25</UnitOfMeasurePrice>
      <AllowDiscount>0</AllowDiscount>
      <itemStatus>1</itemStatus>
      <LastUpdateDate />
      <LastUpdateTime />
    </Product>
    <Product>
      <PriceUpdateDate>2013/12/30 11:25</PriceUpdateDate>
      <ItemCode>2015154</ItemCode>
      <ItemType>0</ItemType>
      <ItemName>מלפפון במלח ]7-9ב.ד[</ItemName>
      <ManufactureName>ח.כהן סוכנות מזון ומשקאות בע</ManufactureName>
      <ManufactureCountry />
      <ManufactureItemDescription />
      <UnitQty>י"ח</UnitQty>
      <Quantity>560</Quantity>
      <UnitMeasure>ל  גרם</UnitMeasure>
      <BisWeighted>0</BisWeighted>
      <QtyInPackage>1</QtyInPackage>
      <ItemPrice>5.10</ItemPrice>
      <UnitOfMeasurePrice>0.91</UnitOfMeasurePrice>
      <AllowDiscount>0</AllowDiscount>
      <itemStatus>1</itemStatus>
      <LastUpdateDate />
      <LastUpdateTime />
    </Product>
    <Product>
      <PriceUpdateDate>2015/10/07 14:59</PriceUpdateDate>
      <ItemCode>7290002019114</ItemCode>
      <ItemType>1</ItemType>
      <ItemName>רסק עגב  28% פריניר</ItemName>
      <ManufactureName>ח.כהן סוכנות מזון ומשקאות בע</ManufactureName>
      <ManufactureCountry />
      <ManufactureItemDescription />
      <UnitQty>י"ח</UnitQty>
      <Quantity>580</Quantity>
      <UnitMeasure>ל  גרם</UnitMeasure>
      <BisWeighted>0</BisWeighted>
      <QtyInPackage>1</QtyInPackage>
      <ItemPrice>6.50</ItemPrice>
      <UnitOfMeasurePrice>1.12</UnitOfMeasurePrice>
      <AllowDiscount>0</AllowDiscount>
      <itemStatus>1</itemStatus>
      <LastUpdateDate />
      <LastUpdateTime />
    </Product>
    <Product>
      <PriceUpdateDate>2018/07/16 13:35</PriceUpdateDate>
      <ItemCode>7290002019183</ItemCode>
      <ItemType>1</ItemType>
      <ItemName>עגבניות מקולפות 800</ItemName>
      <ManufactureName>ח.כהן סוכנות מזון ומשקאות בע</ManufactureName>
      <ManufactureCountry />
      <ManufactureItemDescription />
      <UnitQty>י"ח</UnitQty>
      <Quantity>850</Quantity>
      <UnitMeasure>ל  גרם</UnitMeasure>
      <BisWeighted>0</BisWeighted>
      <QtyInPackage>1</QtyInPackage>
      <ItemPrice>6.80</ItemPrice>
      <UnitOfMeasurePrice>0.80</UnitOfMeasurePrice>
      <AllowDiscount>0</AllowDiscount>
      <itemStatus>1</itemStatus>
      <LastUpdateDate />
      <LastUpdateTime />
    </Product>
    <Product>
      <PriceUpdateDate>2018/07/16 13:35</PriceUpdateDate>
      <ItemCode>7290002019763</ItemCode>
      <ItemType>1</ItemType>
      <ItemName>עגבניות מרוסקות800 גר</ItemName>
      <ManufactureName>ח.כהן סוכנות מזון ומשקאות בע</ManufactureName>
      <ManufactureCountry />
      <ManufactureItemDescription />
      <UnitQty>י"ח</UnitQty>
      <Quantity>800</Quantity>
      <UnitMeasure>ל  גרם</UnitMeasure>
      <BisWeighted>0</BisWeighted>
      <QtyInPackage>1</QtyInPackage>
      <ItemPrice>6.80</ItemPrice>
      <UnitOfMeasurePrice>0.85</UnitOfMeasurePrice>
      <AllowDiscount>0</AllowDiscount>
      <itemStatus>1</itemStatus>
      <LastUpdateDate />
      <LastUpdateTime />
    </Product>
    <Product>
      <PriceUpdateDate>2018/03/08 08:50</PriceUpdateDate>
      <ItemCode>7290002019794</ItemCode>
      <ItemType>1</ItemType>
      <ItemName>רסק פרי ניר 100גר`</ItemName>
      <ManufactureName>ח.כהן סוכנות מזון ומשקאות בע</ManufactureName>
      <ManufactureCountry />
      <ManufactureItemDescription />
      <UnitQty>י"ח</UnitQty>
      <Quantity>100</Quantity>
      <UnitMeasure>ל  גרם</UnitMeasure>
      <BisWeighted>0</BisWeighted>
      <QtyInPackage>1</QtyInPackage>
      <ItemPrice>1.90</ItemPrice>
      <UnitOfMeasurePrice>1.90</UnitOfMeasurePrice>
      <AllowDiscount>1</AllowDiscount>
      <itemStatus>1</itemStatus>
      <LastUpdateDate />
      <LastUpdateTime />
    </Product>
    <Product>
      <PriceUpdateDate>2013/12/23 14:19</PriceUpdateDate>
      <ItemCode>2024156</ItemCode>
      <ItemType>0</ItemType>
      <ItemName>סחוג אדום משקל</ItemName>
      <ManufactureName>בידאני נתן</ManufactureName>
      <ManufactureCountry />
      <ManufactureItemDescription />
      <UnitQty>ק"ג</UnitQty>
      <Quantity>1</Quantity>
      <UnitMeasure />
      <BisWeighted>1</BisWeighted>
      <QtyInPackage>1</QtyInPackage>
      <ItemPrice>22.90</ItemPrice>
      <UnitOfMeasurePrice>22.90</UnitOfMeasurePrice>
      <AllowDiscount>0</AllowDiscount>
      <itemStatus>1</itemStatus>
      <LastUpdateDate />
      <LastUpdateTime />
    </Product>
    <Product>
      <PriceUpdateDate>2015/03/17 10:21</PriceUpdateDate>
      <ItemCode>7290002026358</ItemCode>
      <ItemType>1</ItemType>
      <ItemName>צ`יפס בטטה קרינקל</ItemName>
      <ManufactureName>מוצרי איכות אמריקאיים בעמ</ManufactureName>
      <ManufactureCountry />
      <ManufactureItemDescription />
      <UnitQty>י"ח</UnitQty>
      <Quantity>1</Quantity>
      <UnitMeasure>י"ח</UnitMeasure>
      <BisWeighted>0</BisWeighted>
      <QtyInPackage>1</QtyInPackage>
      <ItemPrice>18.90</ItemPrice>
      <UnitOfMeasurePrice>18.90</UnitOfMeasurePrice>
      <AllowDiscount>0</AllowDiscount>
      <itemStatus>1</itemStatus>
      <LastUpdateDate />
      <LastUpdateTime />
    </Product>
    <Product>
      <PriceUpdateDate>2016/02/14 09:10</PriceUpdateDate>
      <ItemCode>7290002040064</ItemCode>
      <ItemType>1</ItemType>
      <ItemName>קוסקוס דק]הנמל[</ItemName>
      <ManufactureName>הנמל אריזות ושווק בעמ</ManufactureName>
      <ManufactureCountry />
      <ManufactureItemDescription />
      <UnitQty>י"ח</UnitQty>
      <Quantity>350</Quantity>
      <UnitMeasure>ל  גרם</UnitMeasure>
      <BisWeighted>0</BisWeighted>
      <QtyInPackage>1</QtyInPackage>
      <ItemPrice>5.90</ItemPrice>
      <UnitOfMeasurePrice>1.69</UnitOfMeasurePrice>
      <AllowDiscount>0</AllowDiscount>
      <itemStatus>1</itemStatus>
      <LastUpdateDate />
      <LastUpdateTime />
    </Product>
    <Product>
      <PriceUpdateDate>2016/02/14 09:10</PriceUpdateDate>
      <ItemCode>7290002040071</ItemCode>
      <ItemType>1</ItemType>
      <ItemName>קוסקוס עבה]הנמל[</ItemName>
      <ManufactureName>הנמל אריזות ושווק בעמ</ManufactureName>
      <ManufactureCountry />
      <ManufactureItemDescription />
      <UnitQty>י"ח</UnitQty>
      <Quantity>350</Quantity>
      <UnitMeasure>ל  גרם</UnitMeasure>
      <BisWeighted>0</BisWeighted>
      <QtyInPackage>1</QtyInPackage>
      <ItemPrice>5.90</ItemPrice>
      <UnitOfMeasurePrice>1.69</UnitOfMeasurePrice>
      <AllowDiscount>0</AllowDiscount>
      <itemStatus>1</itemStatus>
      <LastUpdateDate />
      <LastUpdateTime />
    </Product>
    <Product>
      <PriceUpdateDate>2013/12/13 08:21</PriceUpdateDate>
      <ItemCode>2053538</ItemCode>
      <ItemType>0</ItemType>
      <ItemName>נודלס 400+100ג תוספת</ItemName>
      <ManufactureName>גורי מוצרי צריכה בעמ</ManufactureName>
      <ManufactureCountry />
      <ManufactureItemDescription />
      <UnitQty>י"ח</UnitQty>
      <Quantity>500</Quantity>
      <UnitMeasure>ל  גרם</UnitMeasure>
      <BisWeighted>0</BisWeighted>
      <QtyInPackage>1</QtyInPackage>
      <ItemPrice>14.40</ItemPrice>
      <UnitOfMeasurePrice>2.88</UnitOfMeasurePrice>
      <AllowDiscount>0</AllowDiscount>
      <itemStatus>1</itemStatus>
      <LastUpdateDate />
      <LastUpdateTime />
    </Product>
    <Product>
      <PriceUpdateDate>2019/12/10 08:21</PriceUpdateDate>
      <ItemCode>7290002057031</ItemCode>
      <ItemType>1</ItemType>
      <ItemName>מבוקעים גדול A2</ItemName>
      <ManufactureName>קבוצת יבנה מוצרי מזון בעמ</ManufactureName>
      <ManufactureCountry />
      <ManufactureItemDescription />
      <UnitQty>י"ח</UnitQty>
      <Quantity>560</Quantity>
      <UnitMeasure>ל  גרם</UnitMeasure>
      <BisWeighted>0</BisWeighted>
      <QtyInPackage>1</QtyInPackage>
      <ItemPrice>8</ItemPrice>
      <UnitOfMeasurePrice>1.43</UnitOfMeasurePrice>
      <AllowDiscount>0</AllowDiscount>
      <itemStatus>1</itemStatus>
      <LastUpdateDate />
      <LastUpdateTime />
    </Product>
    <Product>
      <PriceUpdateDate>2019/12/10 08:40</PriceUpdateDate>
      <ItemCode>7290002057048</ItemCode>
      <ItemType>1</ItemType>
      <ItemName>סורי מבוקעים A2</ItemName>
      <ManufactureName>קבוצת יבנה מוצרי מזון בעמ</ManufactureName>
      <ManufactureCountry />
      <ManufactureItemDescription />
      <UnitQty>י"ח</UnitQty>
      <Quantity>560</Quantity>
      <UnitMeasure>ל  גרם</UnitMeasure>
      <BisWeighted>0</BisWeighted>
      <QtyInPackage>1</QtyInPackage>
      <ItemPrice>11.90</ItemPrice>
      <UnitOfMeasurePrice>2.13</UnitOfMeasurePrice>
      <AllowDiscount>1</AllowDiscount>
      <itemStatus>1</itemStatus>
      <LastUpdateDate />
      <LastUpdateTime />
    </Product>
    <Product>
      <PriceUpdateDate>2019/11/17 12:27</PriceUpdateDate>
      <ItemCode>7290002057055</ItemCode>
      <ItemType>1</ItemType>
      <ItemName>סורי שלם A2</ItemName>
      <ManufactureName>קבוצת יבנה מוצרי מזון בעמ</ManufactureName>
      <ManufactureCountry />
      <ManufactureItemDescription />
      <UnitQty>י"ח</UnitQty>
      <Quantity>560</Quantity>
      <UnitMeasure>ל  גרם</UnitMeasure>
      <BisWeighted>0</BisWeighted>
      <QtyInPackage>1</QtyInPackage>
      <ItemPrice>10.90</ItemPrice>
      <UnitOfMeasurePrice>1.95</UnitOfMeasurePrice>
      <AllowDiscount>0</AllowDiscount>
      <itemStatus>1</itemStatus>
      <LastUpdateDate />
      <LastUpdateTime />
    </Product>
    <Product>
      <PriceUpdateDate>2019/12/10 08:40</PriceUpdateDate>
      <ItemCode>7290002057109</ItemCode>
      <ItemType>1</ItemType>
      <ItemName>מנזולינו גדול מאוד</ItemName>
      <ManufactureName>קבוצת יבנה מוצרי מזון בעמ</ManufactureName>
      <ManufactureCountry />
      <ManufactureItemDescription />
      <UnitQty>י"ח</UnitQty>
      <Quantity>560</Quantity>
      <UnitMeasure>ל  גרם</UnitMeasure>
      <BisWeighted>0</BisWeighted>
      <QtyInPackage>1</QtyInPackage>
      <ItemPrice>9.90</ItemPrice>
      <UnitOfMeasurePrice>1.77</UnitOfMeasurePrice>
      <AllowDiscount>1</AllowDiscount>
      <itemStatus>1</itemStatus>
      <LastUpdateDate />
      <LastUpdateTime />
    </Product>
    <Product>
      <PriceUpdateDate>2019/12/10 08:40</PriceUpdateDate>
      <ItemCode>7290002057130</ItemCode>
      <ItemType>1</ItemType>
      <ItemName>חרוזית }"43יבנה{</ItemName>
      <ManufactureName>קבוצת יבנה מוצרי מזון בעמ</ManufactureName>
      <ManufactureCountry />
      <ManufactureItemDescription />
      <UnitQty>י"ח</UnitQty>
      <Quantity>1.25</Quantity>
      <UnitMeasure>ק"ג</UnitMeasure>
      <BisWeighted>0</BisWeighted>
      <QtyInPackage>1</QtyInPackage>
      <ItemPrice>21.90</ItemPrice>
      <UnitOfMeasurePrice>17.52</UnitOfMeasurePrice>
      <AllowDiscount>0</AllowDiscount>
      <itemStatus>1</itemStatus>
      <LastUpdateDate />
      <LastUpdateTime />
    </Product>
    <Product>
      <PriceUpdateDate>2019/11/17 12:27</PriceUpdateDate>
      <ItemCode>7290002057147</ItemCode>
      <ItemType>1</ItemType>
      <ItemName>מנזולינהו שחור ג</ItemName>
      <ManufactureName>קבוצת יבנה מוצרי מזון בעמ</ManufactureName>
      <ManufactureCountry />
      <ManufactureItemDescription />
      <UnitQty>י"ח</UnitQty>
      <Quantity>560</Quantity>
      <UnitMeasure>ל  גרם</UnitMeasure>
      <BisWeighted>0</BisWeighted>
      <QtyInPackage>1</QtyInPackage>
      <ItemPrice>7.90</ItemPrice>
      <UnitOfMeasurePrice>1.41</UnitOfMeasurePrice>
      <AllowDiscount>0</AllowDiscount>
      <itemStatus>1</itemStatus>
      <LastUpdateDate />
      <LastUpdateTime />
    </Product>
    <Product>
      <PriceUpdateDate>2019/12/10 08:40</PriceUpdateDate>
      <ItemCode>7290002057161</ItemCode>
      <ItemType>1</ItemType>
      <ItemName>מרינד גדול מאד</ItemName>
      <ManufactureName>קבוצת יבנה מוצרי מזון בעמ</ManufactureName>
      <ManufactureCountry />
      <ManufactureItemDescription />
      <UnitQty>י"ח</UnitQty>
      <Quantity>560</Quantity>
      <UnitMeasure>ל  גרם</UnitMeasure>
      <BisWeighted>0</BisWeighted>
      <QtyInPackage>1</QtyInPackage>
      <ItemPrice>9</ItemPrice>
      <UnitOfMeasurePrice>1.61</UnitOfMeasurePrice>
      <AllowDiscount>0</AllowDiscount>
      <itemStatus>1</itemStatus>
      <LastUpdateDate />
      <LastUpdateTime />
    </Product>
    <Product>
      <PriceUpdateDate>2019/11/17 12:27</PriceUpdateDate>
      <ItemCode>7290002057352</ItemCode>
      <ItemType>1</ItemType>
      <ItemName>מלפפון  מלח  }A-2   7-9 יבנה540 גרם</ItemName>
      <ManufactureName>קבוצת יבנה מוצרי מזון בעמ</ManufactureName>
      <ManufactureCountry />
      <ManufactureItemDescription />
      <UnitQty>י"ח</UnitQty>
      <Quantity>600</Quantity>
      <UnitMeasure>ל  גרם</UnitMeasure>
      <BisWeighted>0</BisWeighted>
      <QtyInPackage>1</QtyInPackage>
      <ItemPrice>6.90</ItemPrice>
      <UnitOfMeasurePrice>1.15</UnitOfMeasurePrice>
      <AllowDiscount>0</AllowDiscount>
      <itemStatus>1</itemStatus>
      <LastUpdateDate />
      <LastUpdateTime />
    </Product>
    <Product>
      <PriceUpdateDate>2018/12/05 16:20</PriceUpdateDate>
      <ItemCode>7290002057369</ItemCode>
      <ItemType>1</ItemType>
      <ItemName>מלפ  מלח 10\12 2 יבנה</ItemName>
      <ManufactureName>קבוצת יבנה מוצרי מזון בעמ</ManufactureName>
      <ManufactureCountry />
      <ManufactureItemDescription />
      <UnitQty>י"ח</UnitQty>
      <Quantity>600</Quantity>
      <UnitMeasure>ל  גרם</UnitMeasure>
      <BisWeighted>0</BisWeighted>
      <QtyInPackage>1</QtyInPackage>
      <ItemPrice>7.90</ItemPrice>
      <UnitOfMeasurePrice>1.32</UnitOfMeasurePrice>
      <AllowDiscount>1</AllowDiscount>
      <itemStatus>1</itemStatus>
      <LastUpdateDate />
      <LastUpdateTime />
    </Product>
    <Product>
      <PriceUpdateDate>2019/11/17 12:27</PriceUpdateDate>
      <ItemCode>7290002057451</ItemCode>
      <ItemType>1</ItemType>
      <ItemName>מלפפון  בחומץ }7-9 יבנה{</ItemName>
      <ManufactureName>קבוצת יבנה מוצרי מזון בעמ</ManufactureName>
      <ManufactureCountry />
      <ManufactureItemDescription />
      <UnitQty>י"ח</UnitQty>
      <Quantity>600</Quantity>
      <UnitMeasure>ל  גרם</UnitMeasure>
      <BisWeighted>0</BisWeighted>
      <QtyInPackage>1</QtyInPackage>
      <ItemPrice>6.90</ItemPrice>
      <UnitOfMeasurePrice>1.15</UnitOfMeasurePrice>
      <AllowDiscount>0</AllowDiscount>
      <itemStatus>1</itemStatus>
      <LastUpdateDate />
      <LastUpdateTime />
    </Product>
    <Product>
      <PriceUpdateDate>2019/11/17 12:27</PriceUpdateDate>
      <ItemCode>7290002057468</ItemCode>
      <ItemType>1</ItemType>
      <ItemName>מלפ  בחומץ 10\12 יבנה</ItemName>
      <ManufactureName>קבוצת יבנה מוצרי מזון בעמ</ManufactureName>
      <ManufactureCountry />
      <ManufactureItemDescription />
      <UnitQty>י"ח</UnitQty>
      <Quantity>600</Quantity>
      <UnitMeasure>ל  גרם</UnitMeasure>
      <BisWeighted>0</BisWeighted>
      <QtyInPackage>1</QtyInPackage>
      <ItemPrice>7.90</ItemPrice>
      <UnitOfMeasurePrice>1.32</UnitOfMeasurePrice>
      <AllowDiscount>1</AllowDiscount>
      <itemStatus>1</itemStatus>
      <LastUpdateDate />
      <LastUpdateTime />
    </Product>
    <Product>
      <PriceUpdateDate>2019/11/17 12:27</PriceUpdateDate>
      <ItemCode>7290002057475</ItemCode>
      <ItemType>1</ItemType>
      <ItemName>מלפ  בחומץ 13\17 יבנה</ItemName>
      <ManufactureName>קבוצת יבנה מוצרי מזון בעמ</ManufactureName>
      <ManufactureCountry />
      <ManufactureItemDescription />
      <UnitQty>י"ח</UnitQty>
      <Quantity>600</Quantity>
      <UnitMeasure>ל  גרם</UnitMeasure>
      <BisWeighted>0</BisWeighted>
      <QtyInPackage>1</QtyInPackage>
      <ItemPrice>9.90</ItemPrice>
      <UnitOfMeasurePrice>1.65</UnitOfMeasurePrice>
      <AllowDiscount>0</AllowDiscount>
      <itemStatus>1</itemStatus>
      <LastUpdateDate />
      <LastUpdateTime />
    </Product>
    <Product>
      <PriceUpdateDate>2019/11/17 12:27</PriceUpdateDate>
      <ItemCode>7290002057482</ItemCode>
      <ItemType>1</ItemType>
      <ItemName>מלפ  חומץ 18\25</ItemName>
      <ManufactureName>קבוצת יבנה מוצרי מזון בעמ</ManufactureName>
      <ManufactureCountry />
      <ManufactureItemDescription />
      <UnitQty>י"ח</UnitQty>
      <Quantity>560</Quantity>
      <UnitMeasure>ל  גרם</UnitMeasure>
      <BisWeighted>0</BisWeighted>
      <QtyInPackage>1</QtyInPackage>
      <ItemPrice>12.90</ItemPrice>
      <UnitOfMeasurePrice>2.30</UnitOfMeasurePrice>
      <AllowDiscount>0</AllowDiscount>
      <itemStatus>1</itemStatus>
      <LastUpdateDate />
      <LastUpdateTime />
    </Product>
    <Product>
      <PriceUpdateDate>2019/12/10 08:40</PriceUpdateDate>
      <ItemCode>7290002057604</ItemCode>
      <ItemType>1</ItemType>
      <ItemName>שיפקה A-2</ItemName>
      <ManufactureName>קבוצת יבנה מוצרי מזון בעמ</ManufactureName>
      <ManufactureCountry />
      <ManufactureItemDescription />
      <UnitQty>י"ח</UnitQty>
      <Quantity>560</Quantity>
      <UnitMeasure>ל  גרם</UnitMeasure>
      <BisWeighted>0</BisWeighted>
      <QtyInPackage>1</QtyInPackage>
      <ItemPrice>6.90</ItemPrice>
      <UnitOfMeasurePrice>1.23</UnitOfMeasurePrice>
      <AllowDiscount>1</AllowDiscount>
      <itemStatus>1</itemStatus>
      <LastUpdateDate />
      <LastUpdateTime />
    </Product>
    <Product>
      <PriceUpdateDate>2019/12/10 08:40</PriceUpdateDate>
      <ItemCode>7290002057628</ItemCode>
      <ItemType>1</ItemType>
      <ItemName>טבעות שחור-יבנה</ItemName>
      <ManufactureName>קבוצת יבנה מוצרי מזון בעמ</ManufactureName>
      <ManufactureCountry />
      <ManufactureItemDescription />
      <UnitQty>י"ח</UnitQty>
      <Quantity>540</Quantity>
      <UnitMeasure>ל  גרם</UnitMeasure>
      <BisWeighted>0</BisWeighted>
      <QtyInPackage>1</QtyInPackage>
      <ItemPrice>9.90</ItemPrice>
      <UnitOfMeasurePrice>1.83</UnitOfMeasurePrice>
      <AllowDiscount>0</AllowDiscount>
      <itemStatus>1</itemStatus>
      <LastUpdateDate />
      <LastUpdateTime />
    </Product>
    <Product>
      <PriceUpdateDate>2019/11/17 12:27</PriceUpdateDate>
      <ItemCode>2057734</ItemCode>
      <ItemType>0</ItemType>
      <ItemName>חרוזית מושחר A2</ItemName>
      <ManufactureName>קבוצת יבנה מוצרי מזון בעמ</ManufactureName>
      <ManufactureCountry />
      <ManufactureItemDescription />
      <UnitQty>י"ח</UnitQty>
      <Quantity>1</Quantity>
      <UnitMeasure />
      <BisWeighted>0</BisWeighted>
      <QtyInPackage>1</QtyInPackage>
      <ItemPrice>7.90</ItemPrice>
      <UnitOfMeasurePrice>7.90</UnitOfMeasurePrice>
      <AllowDiscount>1</AllowDiscount>
      <itemStatus>1</itemStatus>
      <LastUpdateDate />
      <LastUpdateTime />
    </Product>
    <Product>
      <PriceUpdateDate>2019/10/06 09:21</PriceUpdateDate>
      <ItemCode>7290002057864</ItemCode>
      <ItemType>1</ItemType>
      <ItemName>נובו צנצנת</ItemName>
      <ManufactureName>קבוצת יבנה מוצרי מזון בעמ</ManufactureName>
      <ManufactureCountry />
      <ManufactureItemDescription />
      <UnitQty>י"ח</UnitQty>
      <Quantity>560</Quantity>
      <UnitMeasure>ל  גרם</UnitMeasure>
      <BisWeighted>0</BisWeighted>
      <QtyInPackage>1</QtyInPackage>
      <ItemPrice>8.90</ItemPrice>
      <UnitOfMeasurePrice>1.59</UnitOfMeasurePrice>
      <AllowDiscount>0</AllowDiscount>
      <itemStatus>1</itemStatus>
      <LastUpdateDate />
      <LastUpdateTime />
    </Product>
    <Product>
      <PriceUpdateDate>2017/11/22 15:00</PriceUpdateDate>
      <ItemCode>7290002065555</ItemCode>
      <ItemType>1</ItemType>
      <ItemName>לחמניות בשקית 6 יח</ItemName>
      <ManufactureName>שלמה א.אנג ל בעמ</ManufactureName>
      <ManufactureCountry />
      <ManufactureItemDescription />
      <UnitQty>י"ח</UnitQty>
      <Quantity>1</Quantity>
      <UnitMeasure />
      <BisWeighted>0</BisWeighted>
      <QtyInPackage>1</QtyInPackage>
      <ItemPrice>11.90</ItemPrice>
      <UnitOfMeasurePrice>11.90</UnitOfMeasurePrice>
      <AllowDiscount>1</AllowDiscount>
      <itemStatus>1</itemStatus>
      <LastUpdateDate />
      <LastUpdateTime />
    </Product>
    <Product>
      <PriceUpdateDate>2020/02/05 10:39</PriceUpdateDate>
      <ItemCode>2065616</ItemCode>
      <ItemType>0</ItemType>
      <ItemName>לחם שיפון גרעינים 750גר`</ItemName>
      <ManufactureName>שלמה א.אנג ל בעמ</ManufactureName>
      <ManufactureCountry />
      <ManufactureItemDescription />
      <UnitQty>י"ח</UnitQty>
      <Quantity>750</Quantity>
      <UnitMeasure>ל  גרם</UnitMeasure>
      <BisWeighted>0</BisWeighted>
      <QtyInPackage>1</QtyInPackage>
      <ItemPrice>11.50</ItemPrice>
      <UnitOfMeasurePrice>1.53</UnitOfMeasurePrice>
      <AllowDiscount>0</AllowDiscount>
      <itemStatus>1</itemStatus>
      <LastUpdateDate />
      <LastUpdateTime />
    </Product>
    <Product>
      <PriceUpdateDate>2020/04/27 13:34</PriceUpdateDate>
      <ItemCode>7290002107019</ItemCode>
      <ItemType>1</ItemType>
      <ItemName>גבינה צפתית 5% צוריאל</ItemName>
      <ManufactureName>*חברה המרכזית להפצתמשקאותבעמ*</ManufactureName>
      <ManufactureCountry />
      <ManufactureItemDescription />
      <UnitQty>י"ח</UnitQty>
      <Quantity>250</Quantity>
      <UnitMeasure>ל  גרם</UnitMeasure>
      <BisWeighted>0</BisWeighted>
      <QtyInPackage>1</QtyInPackage>
      <ItemPrice>16.90</ItemPrice>
      <UnitOfMeasurePrice>6.76</UnitOfMeasurePrice>
      <AllowDiscount>1</AllowDiscount>
      <itemStatus>1</itemStatus>
      <LastUpdateDate />
      <LastUpdateTime />
    </Product>
    <Product>
      <PriceUpdateDate>2013/12/25 13:22</PriceUpdateDate>
      <ItemCode>2107385</ItemCode>
      <ItemType>0</ItemType>
      <ItemName>מה עז  180 גרם צוריאל</ItemName>
      <ManufactureName>*חברה המרכזית להפצתמשקאותבעמ*</ManufactureName>
      <ManufactureCountry />
      <ManufactureItemDescription />
      <UnitQty>י"ח</UnitQty>
      <Quantity>1</Quantity>
      <UnitMeasure>י"ח</UnitMeasure>
      <BisWeighted>0</BisWeighted>
      <QtyInPackage>1</QtyInPackage>
      <ItemPrice>23</ItemPrice>
      <UnitOfMeasurePrice>23</UnitOfMeasurePrice>
      <AllowDiscount>1</AllowDiscount>
      <itemStatus>1</itemStatus>
      <LastUpdateDate />
      <LastUpdateTime />
    </Product>
    <Product>
      <PriceUpdateDate>2016/03/06 16:55</PriceUpdateDate>
      <ItemCode>2109372</ItemCode>
      <ItemType>0</ItemType>
      <ItemName>בורקס פילו אצבעות בולגרית 700גר`</ItemName>
      <ManufactureName>נטו מלינדה סחר בעמ</ManufactureName>
      <ManufactureCountry />
      <ManufactureItemDescription />
      <UnitQty>י"ח</UnitQty>
      <Quantity>600</Quantity>
      <UnitMeasure>ל  גרם</UnitMeasure>
      <BisWeighted>0</BisWeighted>
      <QtyInPackage>1</QtyInPackage>
      <ItemPrice>19.90</ItemPrice>
      <UnitOfMeasurePrice>3.32</UnitOfMeasurePrice>
      <AllowDiscount>1</AllowDiscount>
      <itemStatus>1</itemStatus>
      <LastUpdateDate />
      <LastUpdateTime />
    </Product>
    <Product>
      <PriceUpdateDate>2018/04/13 10:21</PriceUpdateDate>
      <ItemCode>2109488</ItemCode>
      <ItemType>0</ItemType>
      <ItemName>קבב אמיתי 100% 440גרם  טיבוןויל</ItemName>
      <ManufactureName>נטו מלינדה סחר בעמ</ManufactureName>
      <ManufactureCountry />
      <ManufactureItemDescription />
      <UnitQty>י"ח</UnitQty>
      <Quantity>500</Quantity>
      <UnitMeasure>ל  גרם</UnitMeasure>
      <BisWeighted>0</BisWeighted>
      <QtyInPackage>1</QtyInPackage>
      <ItemPrice>21.90</ItemPrice>
      <UnitOfMeasurePrice>4.38</UnitOfMeasurePrice>
      <AllowDiscount>1</AllowDiscount>
      <itemStatus>1</itemStatus>
      <LastUpdateDate />
      <LastUpdateTime />
    </Product>
    <Product>
      <PriceUpdateDate>2017/01/02 16:02</PriceUpdateDate>
      <ItemCode>7290002111511</ItemCode>
      <ItemType>1</ItemType>
      <ItemName>אפונת גינה,גזר פרי מבורך</ItemName>
      <ManufactureName>זנלכל בעמ</ManufactureName>
      <ManufactureCountry />
      <ManufactureItemDescription />
      <UnitQty>י"ח</UnitQty>
      <Quantity>550</Quantity>
      <UnitMeasure>ל  גרם</UnitMeasure>
      <BisWeighted>0</BisWeighted>
      <QtyInPackage>1</QtyInPackage>
      <ItemPrice>5.90</ItemPrice>
      <UnitOfMeasurePrice>1.07</UnitOfMeasurePrice>
      <AllowDiscount>0</AllowDiscount>
      <itemStatus>1</itemStatus>
      <LastUpdateDate />
      <LastUpdateTime />
    </Product>
    <Product>
      <PriceUpdateDate>2019/11/26 13:19</PriceUpdateDate>
      <ItemCode>7290002111818</ItemCode>
      <ItemType>1</ItemType>
      <ItemName>תירס בד"ץ וואקום</ItemName>
      <ManufactureName>זנלכל בעמ</ManufactureName>
      <ManufactureCountry />
      <ManufactureItemDescription />
      <UnitQty>י"ח</UnitQty>
      <Quantity>325</Quantity>
      <UnitMeasure>ל  גרם</UnitMeasure>
      <BisWeighted>0</BisWeighted>
      <QtyInPackage>1</QtyInPackage>
      <ItemPrice>4.90</ItemPrice>
      <UnitOfMeasurePrice>1.51</UnitOfMeasurePrice>
      <AllowDiscount>0</AllowDiscount>
      <itemStatus>1</itemStatus>
      <LastUpdateDate />
      <LastUpdateTime />
    </Product>
    <Product>
      <PriceUpdateDate>2017/04/14 10:10</PriceUpdateDate>
      <ItemCode>2129479</ItemCode>
      <ItemType>0</ItemType>
      <ItemName>פיצה איטלקית דקה שלושת האופים 320גר</ItemName>
      <ManufactureName>נטו מלינדה סחר בעמ</ManufactureName>
      <ManufactureCountry />
      <ManufactureItemDescription />
      <UnitQty>י"ח</UnitQty>
      <Quantity>320</Quantity>
      <UnitMeasure>ל  גרם</UnitMeasure>
      <BisWeighted>0</BisWeighted>
      <QtyInPackage>1</QtyInPackage>
      <ItemPrice>13.90</ItemPrice>
      <UnitOfMeasurePrice>4.34</UnitOfMeasurePrice>
      <AllowDiscount>1</AllowDiscount>
      <itemStatus>1</itemStatus>
      <LastUpdateDate />
      <LastUpdateTime />
    </Product>
    <Product>
      <PriceUpdateDate>2015/07/30 13:05</PriceUpdateDate>
      <ItemCode>7290002132011</ItemCode>
      <ItemType>1</ItemType>
      <ItemName>עבאדי עוגיות מלוחות 400גר</ItemName>
      <ManufactureName>תה ויסוצקי (ישראל)בעמ</ManufactureName>
      <ManufactureCountry />
      <ManufactureItemDescription />
      <UnitQty>י"ח</UnitQty>
      <Quantity>400</Quantity>
      <UnitMeasure>ל  גרם</UnitMeasure>
      <BisWeighted>0</BisWeighted>
      <QtyInPackage>1</QtyInPackage>
      <ItemPrice>16.90</ItemPrice>
      <UnitOfMeasurePrice>4.23</UnitOfMeasurePrice>
      <AllowDiscount>1</AllowDiscount>
      <itemStatus>1</itemStatus>
      <LastUpdateDate />
      <LastUpdateTime />
    </Product>
    <Product>
      <PriceUpdateDate>2014/01/03 09:34</PriceUpdateDate>
      <ItemCode>7290002133162</ItemCode>
      <ItemType>1</ItemType>
      <ItemName>גבינה בולגרית 5%</ItemName>
      <ManufactureName>מחלבות השומרון</ManufactureName>
      <ManufactureCountry />
      <ManufactureItemDescription />
      <UnitQty>י"ח</UnitQty>
      <Quantity>200</Quantity>
      <UnitMeasure>ל  גרם</UnitMeasure>
      <BisWeighted>0</BisWeighted>
      <QtyInPackage>1</QtyInPackage>
      <ItemPrice>21.90</ItemPrice>
      <UnitOfMeasurePrice>10.95</UnitOfMeasurePrice>
      <AllowDiscount>0</AllowDiscount>
      <itemStatus>1</itemStatus>
      <LastUpdateDate />
      <LastUpdateTime />
    </Product>
    <Product>
      <PriceUpdateDate>2018/02/22 16:59</PriceUpdateDate>
      <ItemCode>2195054</ItemCode>
      <ItemType>0</ItemType>
      <ItemName>המבורגר בלדי 400גרם ארוז</ItemName>
      <ManufactureName>בלדי בעמ</ManufactureName>
      <ManufactureCountry />
      <ManufactureItemDescription />
      <UnitQty>י"ח</UnitQty>
      <Quantity>400</Quantity>
      <UnitMeasure>ל  גרם</UnitMeasure>
      <BisWeighted>0</BisWeighted>
      <QtyInPackage>1</QtyInPackage>
      <ItemPrice>13.90</ItemPrice>
      <UnitOfMeasurePrice>3.48</UnitOfMeasurePrice>
      <AllowDiscount>1</AllowDiscount>
      <itemStatus>1</itemStatus>
      <LastUpdateDate />
      <LastUpdateTime />
    </Product>
    <Product>
      <PriceUpdateDate>2018/02/22 16:59</PriceUpdateDate>
      <ItemCode>2195078</ItemCode>
      <ItemType>0</ItemType>
      <ItemName>קבב כבש 400גרם  ארוז</ItemName>
      <ManufactureName>בלדי בעמ</ManufactureName>
      <ManufactureCountry />
      <ManufactureItemDescription />
      <UnitQty>י"ח</UnitQty>
      <Quantity>400</Quantity>
      <UnitMeasure>ל  גרם</UnitMeasure>
      <BisWeighted>0</BisWeighted>
      <QtyInPackage>1</QtyInPackage>
      <ItemPrice>13.90</ItemPrice>
      <UnitOfMeasurePrice>3.48</UnitOfMeasurePrice>
      <AllowDiscount>1</AllowDiscount>
      <itemStatus>1</itemStatus>
      <LastUpdateDate />
      <LastUpdateTime />
    </Product>
    <Product>
      <PriceUpdateDate>2018/02/22 16:59</PriceUpdateDate>
      <ItemCode>2195085</ItemCode>
      <ItemType>0</ItemType>
      <ItemName>קבב מזרחי 400גרם  ארוז</ItemName>
      <ManufactureName>בלדי בעמ</ManufactureName>
      <ManufactureCountry />
      <ManufactureItemDescription />
      <UnitQty>י"ח</UnitQty>
      <Quantity>400</Quantity>
      <UnitMeasure>ל  גרם</UnitMeasure>
      <BisWeighted>0</BisWeighted>
      <QtyInPackage>1</QtyInPackage>
      <ItemPrice>13.90</ItemPrice>
      <UnitOfMeasurePrice>3.48</UnitOfMeasurePrice>
      <AllowDiscount>1</AllowDiscount>
      <itemStatus>1</itemStatus>
      <LastUpdateDate />
      <LastUpdateTime />
    </Product>
    <Product>
      <PriceUpdateDate>2018/02/22 17:00</PriceUpdateDate>
      <ItemCode>2195092</ItemCode>
      <ItemType>0</ItemType>
      <ItemName>קבב רומני 400גרם  ארוז</ItemName>
      <ManufactureName>בלדי בעמ</ManufactureName>
      <ManufactureCountry />
      <ManufactureItemDescription />
      <UnitQty>י"ח</UnitQty>
      <Quantity>400</Quantity>
      <UnitMeasure>ל  גרם</UnitMeasure>
      <BisWeighted>0</BisWeighted>
      <QtyInPackage>1</QtyInPackage>
      <ItemPrice>13.90</ItemPrice>
      <UnitOfMeasurePrice>3.48</UnitOfMeasurePrice>
      <AllowDiscount>1</AllowDiscount>
      <itemStatus>1</itemStatus>
      <LastUpdateDate />
      <LastUpdateTime />
    </Product>
    <Product>
      <PriceUpdateDate>2018/02/28 09:31</PriceUpdateDate>
      <ItemCode>2247774</ItemCode>
      <ItemType>0</ItemType>
      <ItemName>לב עוף  קפוא  ארוז.</ItemName>
      <ManufactureName>נטו מלינדה סחר בעמ</ManufactureName>
      <ManufactureCountry />
      <ManufactureItemDescription />
      <UnitQty>ק"ג</UnitQty>
      <Quantity>1</Quantity>
      <UnitMeasure />
      <BisWeighted>1</BisWeighted>
      <QtyInPackage>1</QtyInPackage>
      <ItemPrice>29.90</ItemPrice>
      <UnitOfMeasurePrice>29.90</UnitOfMeasurePrice>
      <AllowDiscount>1</AllowDiscount>
      <itemStatus>1</itemStatus>
      <LastUpdateDate />
      <LastUpdateTime />
    </Product>
    <Product>
      <PriceUpdateDate>2017/11/15 09:16</PriceUpdateDate>
      <ItemCode>2247859</ItemCode>
      <ItemType>0</ItemType>
      <ItemName>כבד עוף קפוא.</ItemName>
      <ManufactureName>טל-הל יסכה בעמ</ManufactureName>
      <ManufactureCountry />
      <ManufactureItemDescription />
      <UnitQty>ק"ג</UnitQty>
      <Quantity>1</Quantity>
      <UnitMeasure>ק"ג</UnitMeasure>
      <BisWeighted>1</BisWeighted>
      <QtyInPackage>1</QtyInPackage>
      <ItemPrice>15.90</ItemPrice>
      <UnitOfMeasurePrice>15.90</UnitOfMeasurePrice>
      <AllowDiscount>1</AllowDiscount>
      <itemStatus>1</itemStatus>
      <LastUpdateDate />
      <LastUpdateTime />
    </Product>
    <Product>
      <PriceUpdateDate>2017/04/03 19:49</PriceUpdateDate>
      <ItemCode>7290002253006</ItemCode>
      <ItemType>1</ItemType>
      <ItemName>שום כתוש טרי 200</ItemName>
      <ManufactureName>קבוצת אוסם סחר-שות.מוגבלת</ManufactureName>
      <ManufactureCountry />
      <ManufactureItemDescription />
      <UnitQty>י"ח</UnitQty>
      <Quantity>200</Quantity>
      <UnitMeasure>ל  גרם</UnitMeasure>
      <BisWeighted>0</BisWeighted>
      <QtyInPackage>1</QtyInPackage>
      <ItemPrice>15.90</ItemPrice>
      <UnitOfMeasurePrice>7.95</UnitOfMeasurePrice>
      <AllowDiscount>0</AllowDiscount>
      <itemStatus>1</itemStatus>
      <LastUpdateDate />
      <LastUpdateTime />
    </Product>
    <Product>
      <PriceUpdateDate>2019/02/26 15:49</PriceUpdateDate>
      <ItemCode>7290002253105</ItemCode>
      <ItemType>1</ItemType>
      <ItemName>מגשית קוביות שום</ItemName>
      <ManufactureName>קבוצת אוסם סחר-שות.מוגבלת</ManufactureName>
      <ManufactureCountry />
      <ManufactureItemDescription />
      <UnitQty>י"ח</UnitQty>
      <Quantity>80</Quantity>
      <UnitMeasure>ל  גרם</UnitMeasure>
      <BisWeighted>0</BisWeighted>
      <QtyInPackage>1</QtyInPackage>
      <ItemPrice>12.90</ItemPrice>
      <UnitOfMeasurePrice>16.13</UnitOfMeasurePrice>
      <AllowDiscount>0</AllowDiscount>
      <itemStatus>1</itemStatus>
      <LastUpdateDate />
      <LastUpdateTime />
    </Product>
    <Product>
      <PriceUpdateDate>2016/09/04 17:30</PriceUpdateDate>
      <ItemCode>7290002253167</ItemCode>
      <ItemType>1</ItemType>
      <ItemName>דורות פטרוזיליה טריה קצוצה</ItemName>
      <ManufactureName>קבוצת אוסם סחר-שות.מוגבלת</ManufactureName>
      <ManufactureCountry />
      <ManufactureItemDescription />
      <UnitQty>י"ח</UnitQty>
      <Quantity>70</Quantity>
      <UnitMeasure>ל  גרם</UnitMeasure>
      <BisWeighted>0</BisWeighted>
      <QtyInPackage>1</QtyInPackage>
      <ItemPrice>10.90</ItemPrice>
      <UnitOfMeasurePrice>15.57</UnitOfMeasurePrice>
      <AllowDiscount>0</AllowDiscount>
      <itemStatus>1</itemStatus>
      <LastUpdateDate />
      <LastUpdateTime />
    </Product>
    <Product>
      <PriceUpdateDate>2015/05/20 12:51</PriceUpdateDate>
      <ItemCode>2253235</ItemCode>
      <ItemType>0</ItemType>
      <ItemName>דורות רוטב פסטו 160גר</ItemName>
      <ManufactureName>קבוצת אוסם סחר-שות.מוגבלת</ManufactureName>
      <ManufactureCountry />
      <ManufactureItemDescription />
      <UnitQty>י"ח</UnitQty>
      <Quantity>160</Quantity>
      <UnitMeasure>ל  גרם</UnitMeasure>
      <BisWeighted>0</BisWeighted>
      <QtyInPackage>1</QtyInPackage>
      <ItemPrice>13.90</ItemPrice>
      <UnitOfMeasurePrice>8.69</UnitOfMeasurePrice>
      <AllowDiscount>0</AllowDiscount>
      <itemStatus>1</itemStatus>
      <LastUpdateDate />
      <LastUpdateTime />
    </Product>
    <Product>
      <PriceUpdateDate>2019/02/25 09:37</PriceUpdateDate>
      <ItemCode>2253495</ItemCode>
      <ItemType>0</ItemType>
      <ItemName>דורות תבלינים לטחינה ביתית קוביות 70גר</ItemName>
      <ManufactureName>קבוצת אוסם סחר-שות.מוגבלת</ManufactureName>
      <ManufactureCountry />
      <ManufactureItemDescription />
      <UnitQty>י"ח</UnitQty>
      <Quantity>80</Quantity>
      <UnitMeasure>ל  גרם</UnitMeasure>
      <BisWeighted>0</BisWeighted>
      <QtyInPackage>1</QtyInPackage>
      <ItemPrice>11.90</ItemPrice>
      <UnitOfMeasurePrice>14.88</UnitOfMeasurePrice>
      <AllowDiscount>0</AllowDiscount>
      <itemStatus>1</itemStatus>
      <LastUpdateDate />
      <LastUpdateTime />
    </Product>
    <Product>
      <PriceUpdateDate>2016/07/31 13:00</PriceUpdateDate>
      <ItemCode>2255819</ItemCode>
      <ItemType>0</ItemType>
      <ItemName>סיגרים במילוי בשר  800גרם</ItemName>
      <ManufactureName>חטיפי אלקיים בעמ</ManufactureName>
      <ManufactureCountry />
      <ManufactureItemDescription />
      <UnitQty>י"ח</UnitQty>
      <Quantity>800</Quantity>
      <UnitMeasure>ל  גרם</UnitMeasure>
      <BisWeighted>0</BisWeighted>
      <QtyInPackage>1</QtyInPackage>
      <ItemPrice>21.90</ItemPrice>
      <UnitOfMeasurePrice>2.74</UnitOfMeasurePrice>
      <AllowDiscount>0</AllowDiscount>
      <itemStatus>1</itemStatus>
      <LastUpdateDate />
      <LastUpdateTime />
    </Product>
    <Product>
      <PriceUpdateDate>2016/07/31 13:00</PriceUpdateDate>
      <ItemCode>2255826</ItemCode>
      <ItemType>0</ItemType>
      <ItemName>סיגרים במילוי תפו"א 800גרם</ItemName>
      <ManufactureName>חטיפי אלקיים בעמ</ManufactureName>
      <ManufactureCountry />
      <ManufactureItemDescription />
      <UnitQty>י"ח</UnitQty>
      <Quantity>800</Quantity>
      <UnitMeasure>ל  גרם</UnitMeasure>
      <BisWeighted>0</BisWeighted>
      <QtyInPackage>1</QtyInPackage>
      <ItemPrice>18.90</ItemPrice>
      <UnitOfMeasurePrice>2.36</UnitOfMeasurePrice>
      <AllowDiscount>0</AllowDiscount>
      <itemStatus>1</itemStatus>
      <LastUpdateDate />
      <LastUpdateTime />
    </Product>
    <Product>
      <PriceUpdateDate>2014/12/31 16:37</PriceUpdateDate>
      <ItemCode>2255833</ItemCode>
      <ItemType>0</ItemType>
      <ItemName>פסטלים במילוי בשר 800גרם</ItemName>
      <ManufactureName>חטיפי אלקיים בעמ</ManufactureName>
      <ManufactureCountry />
      <ManufactureItemDescription />
      <UnitQty>י"ח</UnitQty>
      <Quantity>800</Quantity>
      <UnitMeasure>ל  גרם</UnitMeasure>
      <BisWeighted>0</BisWeighted>
      <QtyInPackage>1</QtyInPackage>
      <ItemPrice>20</ItemPrice>
      <UnitOfMeasurePrice>2.50</UnitOfMeasurePrice>
      <AllowDiscount>0</AllowDiscount>
      <itemStatus>1</itemStatus>
      <LastUpdateDate />
      <LastUpdateTime />
    </Product>
    <Product>
      <PriceUpdateDate>2016/07/31 13:06</PriceUpdateDate>
      <ItemCode>2255840</ItemCode>
      <ItemType>0</ItemType>
      <ItemName>פסטלים במילוי תפו"א  800גרם</ItemName>
      <ManufactureName>חטיפי אלקיים בעמ</ManufactureName>
      <ManufactureCountry />
      <ManufactureItemDescription />
      <UnitQty>י"ח</UnitQty>
      <Quantity>800</Quantity>
      <UnitMeasure>ל  גרם</UnitMeasure>
      <BisWeighted>0</BisWeighted>
      <QtyInPackage>1</QtyInPackage>
      <ItemPrice>18.90</ItemPrice>
      <UnitOfMeasurePrice>2.36</UnitOfMeasurePrice>
      <AllowDiscount>0</AllowDiscount>
      <itemStatus>1</itemStatus>
      <LastUpdateDate />
      <LastUpdateTime />
    </Product>
    <Product>
      <PriceUpdateDate>2016/07/31 13:01</PriceUpdateDate>
      <ItemCode>2255901</ItemCode>
      <ItemType>0</ItemType>
      <ItemName>עלי סיגר 500 גרם מרובע</ItemName>
      <ManufactureName>חטיפי אלקיים בעמ</ManufactureName>
      <ManufactureCountry />
      <ManufactureItemDescription />
      <UnitQty>י"ח</UnitQty>
      <Quantity>500</Quantity>
      <UnitMeasure>ל  גרם</UnitMeasure>
      <BisWeighted>0</BisWeighted>
      <QtyInPackage>1</QtyInPackage>
      <ItemPrice>7.70</ItemPrice>
      <UnitOfMeasurePrice>1.54</UnitOfMeasurePrice>
      <AllowDiscount>0</AllowDiscount>
      <itemStatus>1</itemStatus>
      <LastUpdateDate />
      <LastUpdateTime />
    </Product>
    <Product>
      <PriceUpdateDate>2018/03/15 13:14</PriceUpdateDate>
      <ItemCode>2277880</ItemCode>
      <ItemType>0</ItemType>
      <ItemName>מוצרלה חצי  קשה*</ItemName>
      <ManufactureName>נטו מלינדה סחר בעמ</ManufactureName>
      <ManufactureCountry />
      <ManufactureItemDescription />
      <UnitQty>ק"ג</UnitQty>
      <Quantity>1</Quantity>
      <UnitMeasure />
      <BisWeighted>1</BisWeighted>
      <QtyInPackage>1</QtyInPackage>
      <ItemPrice>34</ItemPrice>
      <UnitOfMeasurePrice>34</UnitOfMeasurePrice>
      <AllowDiscount>0</AllowDiscount>
      <itemStatus>1</itemStatus>
      <LastUpdateDate />
      <LastUpdateTime />
    </Product>
    <Product>
      <PriceUpdateDate>2016/11/20 15:30</PriceUpdateDate>
      <ItemCode>2277941</ItemCode>
      <ItemType>0</ItemType>
      <ItemName>מקלוני אורז עבים 300גר</ItemName>
      <ManufactureName>נטו מלינדה סחר בעמ</ManufactureName>
      <ManufactureCountry />
      <ManufactureItemDescription />
      <UnitQty>י"ח</UnitQty>
      <Quantity>300</Quantity>
      <UnitMeasure>ל  גרם</UnitMeasure>
      <BisWeighted>0</BisWeighted>
      <QtyInPackage>1</QtyInPackage>
      <ItemPrice>4.90</ItemPrice>
      <UnitOfMeasurePrice>1.63</UnitOfMeasurePrice>
      <AllowDiscount>0</AllowDiscount>
      <itemStatus>1</itemStatus>
      <LastUpdateDate />
      <LastUpdateTime />
    </Product>
    <Product>
      <PriceUpdateDate>2017/07/27 14:11</PriceUpdateDate>
      <ItemCode>2278528</ItemCode>
      <ItemType>0</ItemType>
      <ItemName>זוג כריות ניקוי כלים</ItemName>
      <ManufactureName>ח.כהן סוכנות מזון ומשקאות בע</ManufactureName>
      <ManufactureCountry />
      <ManufactureItemDescription />
      <UnitQty>י"ח</UnitQty>
      <Quantity>2</Quantity>
      <UnitMeasure>י"ח</UnitMeasure>
      <BisWeighted>0</BisWeighted>
      <QtyInPackage>1</QtyInPackage>
      <ItemPrice>7.90</ItemPrice>
      <UnitOfMeasurePrice>3.95</UnitOfMeasurePrice>
      <AllowDiscount>0</AllowDiscount>
      <itemStatus>1</itemStatus>
      <LastUpdateDate />
      <LastUpdateTime />
    </Product>
    <Product>
      <PriceUpdateDate>2019/03/27 18:04</PriceUpdateDate>
      <ItemCode>7290002281368</ItemCode>
      <ItemType>1</ItemType>
      <ItemName>נודלס להקפצה ויליגר 400גר`</ItemName>
      <ManufactureName>נטו מלינדה סחר בעמ</ManufactureName>
      <ManufactureCountry />
      <ManufactureItemDescription />
      <UnitQty>י"ח</UnitQty>
      <Quantity>400</Quantity>
      <UnitMeasure>ל  גרם</UnitMeasure>
      <BisWeighted>0</BisWeighted>
      <QtyInPackage>1</QtyInPackage>
      <ItemPrice>5.90</ItemPrice>
      <UnitOfMeasurePrice>1.48</UnitOfMeasurePrice>
      <AllowDiscount>0</AllowDiscount>
      <itemStatus>1</itemStatus>
      <LastUpdateDate />
      <LastUpdateTime />
    </Product>
    <Product>
      <PriceUpdateDate>2019/02/20 09:11</PriceUpdateDate>
      <ItemCode>2281429</ItemCode>
      <ItemType>0</ItemType>
      <ItemName>סטייק דג טונה קפוא ללא עור</ItemName>
      <ManufactureName>נטו מלינדה סחר בעמ</ManufactureName>
      <ManufactureCountry />
      <ManufactureItemDescription />
      <UnitQty>ק"ג</UnitQty>
      <Quantity>1</Quantity>
      <UnitMeasure>ק"ג</UnitMeasure>
      <BisWeighted>1</BisWeighted>
      <QtyInPackage>1</QtyInPackage>
      <ItemPrice>54.90</ItemPrice>
      <UnitOfMeasurePrice>54.90</UnitOfMeasurePrice>
      <AllowDiscount>0</AllowDiscount>
      <itemStatus>1</itemStatus>
      <LastUpdateDate />
      <LastUpdateTime />
    </Product>
    <Product>
      <PriceUpdateDate>2019/02/28 16:18</PriceUpdateDate>
      <ItemCode>2281436</ItemCode>
      <ItemType>0</ItemType>
      <ItemName>סטייק דג טונה בהירה קפוא ללא עור</ItemName>
      <ManufactureName>נטו מלינדה סחר בעמ</ManufactureName>
      <ManufactureCountry />
      <ManufactureItemDescription />
      <UnitQty>ק"ג</UnitQty>
      <Quantity>1</Quantity>
      <UnitMeasure />
      <BisWeighted>1</BisWeighted>
      <QtyInPackage>1</QtyInPackage>
      <ItemPrice>47.90</ItemPrice>
      <UnitOfMeasurePrice>47.90</UnitOfMeasurePrice>
      <AllowDiscount>0</AllowDiscount>
      <itemStatus>1</itemStatus>
      <LastUpdateDate />
      <LastUpdateTime />
    </Product>
    <Product>
      <PriceUpdateDate>2019/02/07 13:39</PriceUpdateDate>
      <ItemCode>2281443</ItemCode>
      <ItemType>0</ItemType>
      <ItemName>סטייק דג טונה  קפוא עם עור</ItemName>
      <ManufactureName>נטו מלינדה סחר בעמ</ManufactureName>
      <ManufactureCountry />
      <ManufactureItemDescription />
      <UnitQty>ק"ג</UnitQty>
      <Quantity>1</Quantity>
      <UnitMeasure>ק"ג</UnitMeasure>
      <BisWeighted>1</BisWeighted>
      <QtyInPackage>1</QtyInPackage>
      <ItemPrice>39.90</ItemPrice>
      <UnitOfMeasurePrice>39.90</UnitOfMeasurePrice>
      <AllowDiscount>0</AllowDiscount>
      <itemStatus>1</itemStatus>
      <LastUpdateDate />
      <LastUpdateTime />
    </Product>
    <Product>
      <PriceUpdateDate>2019/02/10 14:05</PriceUpdateDate>
      <ItemCode>2281498</ItemCode>
      <ItemType>0</ItemType>
      <ItemName>גבינה מגורדת 500ג ריץ</ItemName>
      <ManufactureName>נטו מלינדה סחר בעמ</ManufactureName>
      <ManufactureCountry />
      <ManufactureItemDescription />
      <UnitQty>י"ח</UnitQty>
      <Quantity>500</Quantity>
      <UnitMeasure>ל  גרם</UnitMeasure>
      <BisWeighted>0</BisWeighted>
      <QtyInPackage>1</QtyInPackage>
      <ItemPrice>21.90</ItemPrice>
      <UnitOfMeasurePrice>4.38</UnitOfMeasurePrice>
      <AllowDiscount>0</AllowDiscount>
      <itemStatus>1</itemStatus>
      <LastUpdateDate />
      <LastUpdateTime />
    </Product>
    <Product>
      <PriceUpdateDate>2019/01/08 10:47</PriceUpdateDate>
      <ItemCode>2291046</ItemCode>
      <ItemType>0</ItemType>
      <ItemName>המבורגר מסעדות 480 ג`</ItemName>
      <ManufactureName>בלדי בעמ</ManufactureName>
      <ManufactureCountry />
      <ManufactureItemDescription />
      <UnitQty>י"ח</UnitQty>
      <Quantity>480</Quantity>
      <UnitMeasure>ל  גרם</UnitMeasure>
      <BisWeighted>0</BisWeighted>
      <QtyInPackage>1</QtyInPackage>
      <ItemPrice>25.90</ItemPrice>
      <UnitOfMeasurePrice>5.40</UnitOfMeasurePrice>
      <AllowDiscount>0</AllowDiscount>
      <itemStatus>1</itemStatus>
      <LastUpdateDate />
      <LastUpdateTime />
    </Product>
    <Product>
      <PriceUpdateDate>2020/02/25 09:12</PriceUpdateDate>
      <ItemCode>2291305</ItemCode>
      <ItemType>0</ItemType>
      <ItemName>שעועית ירוקה שלמה  800ג</ItemName>
      <ManufactureName>בלדי בעמ</ManufactureName>
      <ManufactureCountry />
      <ManufactureItemDescription />
      <UnitQty>י"ח</UnitQty>
      <Quantity>800</Quantity>
      <UnitMeasure>ל  גרם</UnitMeasure>
      <BisWeighted>0</BisWeighted>
      <QtyInPackage>1</QtyInPackage>
      <ItemPrice>7.90</ItemPrice>
      <UnitOfMeasurePrice>0.99</UnitOfMeasurePrice>
      <AllowDiscount>0</AllowDiscount>
      <itemStatus>1</itemStatus>
      <LastUpdateDate />
      <LastUpdateTime />
    </Product>
    <Product>
      <PriceUpdateDate>2013/12/23 10:02</PriceUpdateDate>
      <ItemCode>2300884</ItemCode>
      <ItemType>0</ItemType>
      <ItemName>צ`דר אנגלי כתום נטו</ItemName>
      <ManufactureName>נטו מלינדה סחר בעמ</ManufactureName>
      <ManufactureCountry />
      <ManufactureItemDescription />
      <UnitQty>ק"ג</UnitQty>
      <Quantity>1</Quantity>
      <UnitMeasure />
      <BisWeighted>1</BisWeighted>
      <QtyInPackage>1</QtyInPackage>
      <ItemPrice>90</ItemPrice>
      <UnitOfMeasurePrice>90</UnitOfMeasurePrice>
      <AllowDiscount>1</AllowDiscount>
      <itemStatus>1</itemStatus>
      <LastUpdateDate />
      <LastUpdateTime />
    </Product>
    <Product>
      <PriceUpdateDate>2020/02/11 12:59</PriceUpdateDate>
      <ItemCode>7290002316770</ItemCode>
      <ItemType>1</ItemType>
      <ItemName>תחתון נשים נועה</ItemName>
      <ManufactureName>אחים וייס ישי ייצור בעמ</ManufactureName>
      <ManufactureCountry />
      <ManufactureItemDescription />
      <UnitQty>י"ח</UnitQty>
      <Quantity>1</Quantity>
      <UnitMeasure />
      <BisWeighted>0</BisWeighted>
      <QtyInPackage>1</QtyInPackage>
      <ItemPrice>15.90</ItemPrice>
      <UnitOfMeasurePrice>15.90</UnitOfMeasurePrice>
      <AllowDiscount>0</AllowDiscount>
      <itemStatus>1</itemStatus>
      <LastUpdateDate />
      <LastUpdateTime />
    </Product>
    <Product>
      <PriceUpdateDate>2019/07/03 08:11</PriceUpdateDate>
      <ItemCode>7290002319016</ItemCode>
      <ItemType>1</ItemType>
      <ItemName>אבקת אפיה עשיריות מיה</ItemName>
      <ManufactureName>מיה תעשיות מזון מ.ת.מ בעמ</ManufactureName>
      <ManufactureCountry />
      <ManufactureItemDescription />
      <UnitQty>י"ח</UnitQty>
      <Quantity>100</Quantity>
      <UnitMeasure>ל  גרם</UnitMeasure>
      <BisWeighted>0</BisWeighted>
      <QtyInPackage>1</QtyInPackage>
      <ItemPrice>2.50</ItemPrice>
      <UnitOfMeasurePrice>2.50</UnitOfMeasurePrice>
      <AllowDiscount>1</AllowDiscount>
      <itemStatus>1</itemStatus>
      <LastUpdateDate />
      <LastUpdateTime />
    </Product>
    <Product>
      <PriceUpdateDate>2019/07/10 10:05</PriceUpdateDate>
      <ItemCode>7290002319061</ItemCode>
      <ItemType>1</ItemType>
      <ItemName>קוקוס טחון 100 גרם מיה</ItemName>
      <ManufactureName>מיה תעשיות מזון מ.ת.מ בעמ</ManufactureName>
      <ManufactureCountry />
      <ManufactureItemDescription />
      <UnitQty>י"ח</UnitQty>
      <Quantity>100</Quantity>
      <UnitMeasure>ל  גרם</UnitMeasure>
      <BisWeighted>0</BisWeighted>
      <QtyInPackage>1</QtyInPackage>
      <ItemPrice>3.70</ItemPrice>
      <UnitOfMeasurePrice>3.70</UnitOfMeasurePrice>
      <AllowDiscount>0</AllowDiscount>
      <itemStatus>1</itemStatus>
      <LastUpdateDate />
      <LastUpdateTime />
    </Product>
    <Product>
      <PriceUpdateDate>2020/04/19 14:27</PriceUpdateDate>
      <ItemCode>7290002319078</ItemCode>
      <ItemType>1</ItemType>
      <ItemName>שומשום 100 גרם מיה</ItemName>
      <ManufactureName>מיה תעשיות מזון מ.ת.מ בעמ</ManufactureName>
      <ManufactureCountry />
      <ManufactureItemDescription />
      <UnitQty>י"ח</UnitQty>
      <Quantity>100</Quantity>
      <UnitMeasure>ל  גרם</UnitMeasure>
      <BisWeighted>0</BisWeighted>
      <QtyInPackage>1</QtyInPackage>
      <ItemPrice>3.90</ItemPrice>
      <UnitOfMeasurePrice>3.90</UnitOfMeasurePrice>
      <AllowDiscount>0</AllowDiscount>
      <itemStatus>1</itemStatus>
      <LastUpdateDate />
      <LastUpdateTime />
    </Product>
    <Product>
      <PriceUpdateDate>2018/02/18 10:34</PriceUpdateDate>
      <ItemCode>7290002319115</ItemCode>
      <ItemType>1</ItemType>
      <ItemName>חומוס גדול 500 מיה</ItemName>
      <ManufactureName>מיה תעשיות מזון מ.ת.מ בעמ</ManufactureName>
      <ManufactureCountry />
      <ManufactureItemDescription />
      <UnitQty>י"ח</UnitQty>
      <Quantity>500</Quantity>
      <UnitMeasure>ל  גרם</UnitMeasure>
      <BisWeighted>0</BisWeighted>
      <QtyInPackage>1</QtyInPackage>
      <ItemPrice>8.90</ItemPrice>
      <UnitOfMeasurePrice>1.78</UnitOfMeasurePrice>
      <AllowDiscount>0</AllowDiscount>
      <itemStatus>1</itemStatus>
      <LastUpdateDate />
      <LastUpdateTime />
    </Product>
    <Product>
      <PriceUpdateDate>2016/02/05 10:12</PriceUpdateDate>
      <ItemCode>7290002319184</ItemCode>
      <ItemType>1</ItemType>
      <ItemName>עדשים אדומות  500 מיה</ItemName>
      <ManufactureName>מיה תעשיות מזון מ.ת.מ בעמ</ManufactureName>
      <ManufactureCountry />
      <ManufactureItemDescription />
      <UnitQty>י"ח</UnitQty>
      <Quantity>500</Quantity>
      <UnitMeasure>ל  גרם</UnitMeasure>
      <BisWeighted>0</BisWeighted>
      <QtyInPackage>1</QtyInPackage>
      <ItemPrice>8.90</ItemPrice>
      <UnitOfMeasurePrice>1.78</UnitOfMeasurePrice>
      <AllowDiscount>0</AllowDiscount>
      <itemStatus>1</itemStatus>
      <LastUpdateDate />
      <LastUpdateTime />
    </Product>
    <Product>
      <PriceUpdateDate>2015/03/06 08:46</PriceUpdateDate>
      <ItemCode>7290002319207</ItemCode>
      <ItemType>1</ItemType>
      <ItemName>כוסמת 500</ItemName>
      <ManufactureName>מיה תעשיות מזון מ.ת.מ בעמ</ManufactureName>
      <ManufactureCountry />
      <ManufactureItemDescription />
      <UnitQty>י"ח</UnitQty>
      <Quantity>500</Quantity>
      <UnitMeasure>ל  גרם</UnitMeasure>
      <BisWeighted>0</BisWeighted>
      <QtyInPackage>1</QtyInPackage>
      <ItemPrice>8.90</ItemPrice>
      <UnitOfMeasurePrice>1.78</UnitOfMeasurePrice>
      <AllowDiscount>0</AllowDiscount>
      <itemStatus>1</itemStatus>
      <LastUpdateDate />
      <LastUpdateTime />
    </Product>
    <Product>
      <PriceUpdateDate>2015/03/06 08:47</PriceUpdateDate>
      <ItemCode>7290002319221</ItemCode>
      <ItemType>1</ItemType>
      <ItemName>חיטה 500 ג מיה</ItemName>
      <ManufactureName>מיה תעשיות מזון מ.ת.מ בעמ</ManufactureName>
      <ManufactureCountry />
      <ManufactureItemDescription />
      <UnitQty>י"ח</UnitQty>
      <Quantity>500</Quantity>
      <UnitMeasure>ל  גרם</UnitMeasure>
      <BisWeighted>0</BisWeighted>
      <QtyInPackage>1</QtyInPackage>
      <ItemPrice>5.90</ItemPrice>
      <UnitOfMeasurePrice>1.18</UnitOfMeasurePrice>
      <AllowDiscount>0</AllowDiscount>
      <itemStatus>1</itemStatus>
      <LastUpdateDate />
      <LastUpdateTime />
    </Product>
    <Product>
      <PriceUpdateDate>2019/01/08 15:04</PriceUpdateDate>
      <ItemCode>7290002319825</ItemCode>
      <ItemType>1</ItemType>
      <ItemName>אבקת סוכר 100 גר מיה</ItemName>
      <ManufactureName>מיה תעשיות מזון מ.ת.מ בעמ</ManufactureName>
      <ManufactureCountry />
      <ManufactureItemDescription />
      <UnitQty>י"ח</UnitQty>
      <Quantity>100</Quantity>
      <UnitMeasure>ל  גרם</UnitMeasure>
      <BisWeighted>0</BisWeighted>
      <QtyInPackage>1</QtyInPackage>
      <ItemPrice>2.50</ItemPrice>
      <UnitOfMeasurePrice>2.50</UnitOfMeasurePrice>
      <AllowDiscount>0</AllowDiscount>
      <itemStatus>1</itemStatus>
      <LastUpdateDate />
      <LastUpdateTime />
    </Product>
    <Product>
      <PriceUpdateDate>2018/11/08 17:47</PriceUpdateDate>
      <ItemCode>7290002323198</ItemCode>
      <ItemType>1</ItemType>
      <ItemName>ספרינג תפוחים 1.5 ליטר</ItemName>
      <ManufactureName>יפאורה שותפות מוגבלת לשיווק</ManufactureName>
      <ManufactureCountry />
      <ManufactureItemDescription />
      <UnitQty>י"ח</UnitQty>
      <Quantity>1.50</Quantity>
      <UnitMeasure>ליטר</UnitMeasure>
      <BisWeighted>0</BisWeighted>
      <QtyInPackage>1</QtyInPackage>
      <ItemPrice>6.20</ItemPrice>
      <UnitOfMeasurePrice>4.13</UnitOfMeasurePrice>
      <AllowDiscount>1</AllowDiscount>
      <itemStatus>1</itemStatus>
      <LastUpdateDate />
      <LastUpdateTime />
    </Product>
    <Product>
      <PriceUpdateDate>2018/11/08 17:47</PriceUpdateDate>
      <ItemCode>7290002323204</ItemCode>
      <ItemType>1</ItemType>
      <ItemName>ספרינג דיאט תפוח 1.5 ליטר</ItemName>
      <ManufactureName>יפאורה שותפות מוגבלת לשיווק</ManufactureName>
      <ManufactureCountry />
      <ManufactureItemDescription />
      <UnitQty>י"ח</UnitQty>
      <Quantity>1.50</Quantity>
      <UnitMeasure>ליטר</UnitMeasure>
      <BisWeighted>0</BisWeighted>
      <QtyInPackage>1</QtyInPackage>
      <ItemPrice>6.20</ItemPrice>
      <UnitOfMeasurePrice>4.13</UnitOfMeasurePrice>
      <AllowDiscount>1</AllowDiscount>
      <itemStatus>1</itemStatus>
      <LastUpdateDate />
      <LastUpdateTime />
    </Product>
    <Product>
      <PriceUpdateDate>2014/10/13 14:15</PriceUpdateDate>
      <ItemCode>7290002323822</ItemCode>
      <ItemType>1</ItemType>
      <ItemName>קריסטל 2 ליטר אשכוליות</ItemName>
      <ManufactureName>יפאורה שותפות מוגבלת לשיווק</ManufactureName>
      <ManufactureCountry />
      <ManufactureItemDescription />
      <UnitQty>י"ח</UnitQty>
      <Quantity>2</Quantity>
      <UnitMeasure>ליטר</UnitMeasure>
      <BisWeighted>0</BisWeighted>
      <QtyInPackage>1</QtyInPackage>
      <ItemPrice>3.90</ItemPrice>
      <UnitOfMeasurePrice>1.95</UnitOfMeasurePrice>
      <AllowDiscount>1</AllowDiscount>
      <itemStatus>1</itemStatus>
      <LastUpdateDate />
      <LastUpdateTime />
    </Product>
    <Product>
      <PriceUpdateDate>2014/10/13 14:15</PriceUpdateDate>
      <ItemCode>7290002323839</ItemCode>
      <ItemType>1</ItemType>
      <ItemName>קריסטל 2 ליטר ענבים מיץ</ItemName>
      <ManufactureName>יפאורה שותפות מוגבלת לשיווק</ManufactureName>
      <ManufactureCountry />
      <ManufactureItemDescription />
      <UnitQty>י"ח</UnitQty>
      <Quantity>2</Quantity>
      <UnitMeasure>ליטר</UnitMeasure>
      <BisWeighted>0</BisWeighted>
      <QtyInPackage>1</QtyInPackage>
      <ItemPrice>3.90</ItemPrice>
      <UnitOfMeasurePrice>1.95</UnitOfMeasurePrice>
      <AllowDiscount>1</AllowDiscount>
      <itemStatus>1</itemStatus>
      <LastUpdateDate />
      <LastUpdateTime />
    </Product>
    <Product>
      <PriceUpdateDate>2014/10/13 14:15</PriceUpdateDate>
      <ItemCode>7290002323846</ItemCode>
      <ItemType>1</ItemType>
      <ItemName>קריסטל 2 ליטר מנגו מיץ</ItemName>
      <ManufactureName>יפאורה שותפות מוגבלת לשיווק</ManufactureName>
      <ManufactureCountry />
      <ManufactureItemDescription />
      <UnitQty>י"ח</UnitQty>
      <Quantity>2</Quantity>
      <UnitMeasure>ליטר</UnitMeasure>
      <BisWeighted>0</BisWeighted>
      <QtyInPackage>1</QtyInPackage>
      <ItemPrice>3.90</ItemPrice>
      <UnitOfMeasurePrice>1.95</UnitOfMeasurePrice>
      <AllowDiscount>1</AllowDiscount>
      <itemStatus>1</itemStatus>
      <LastUpdateDate />
      <LastUpdateTime />
    </Product>
    <Product>
      <PriceUpdateDate>2019/01/02 16:18</PriceUpdateDate>
      <ItemCode>7290002327028</ItemCode>
      <ItemType>1</ItemType>
      <ItemName>ג חנון 650 ג</ItemName>
      <ManufactureName>נטו מלינדה סחר בעמ</ManufactureName>
      <ManufactureCountry />
      <ManufactureItemDescription />
      <UnitQty>י"ח</UnitQty>
      <Quantity>650</Quantity>
      <UnitMeasure>ל  גרם</UnitMeasure>
      <BisWeighted>0</BisWeighted>
      <QtyInPackage>1</QtyInPackage>
      <ItemPrice>17.20</ItemPrice>
      <UnitOfMeasurePrice>2.65</UnitOfMeasurePrice>
      <AllowDiscount>1</AllowDiscount>
      <itemStatus>1</itemStatus>
      <LastUpdateDate />
      <LastUpdateTime />
    </Product>
    <Product>
      <PriceUpdateDate>2019/10/28 09:18</PriceUpdateDate>
      <ItemCode>2327042</ItemCode>
      <ItemType>0</ItemType>
      <ItemName>בורקס תפו"א אופרה</ItemName>
      <ManufactureName>נטו מלינדה סחר בעמ</ManufactureName>
      <ManufactureCountry />
      <ManufactureItemDescription />
      <UnitQty>י"ח</UnitQty>
      <Quantity>800</Quantity>
      <UnitMeasure>ל  גרם</UnitMeasure>
      <BisWeighted>0</BisWeighted>
      <QtyInPackage>1</QtyInPackage>
      <ItemPrice>21.90</ItemPrice>
      <UnitOfMeasurePrice>2.74</UnitOfMeasurePrice>
      <AllowDiscount>1</AllowDiscount>
      <itemStatus>1</itemStatus>
      <LastUpdateDate />
      <LastUpdateTime />
    </Product>
    <Product>
      <PriceUpdateDate>2016/05/01 08:51</PriceUpdateDate>
      <ItemCode>7290002327059</ItemCode>
      <ItemType>1</ItemType>
      <ItemName>בצק עלים אופרה</ItemName>
      <ManufactureName>נטו מלינדה סחר בעמ</ManufactureName>
      <ManufactureCountry />
      <ManufactureItemDescription />
      <UnitQty>י"ח</UnitQty>
      <Quantity>1</Quantity>
      <UnitMeasure>ק"ג</UnitMeasure>
      <BisWeighted>0</BisWeighted>
      <QtyInPackage>1</QtyInPackage>
      <ItemPrice>21.90</ItemPrice>
      <UnitOfMeasurePrice>21.90</UnitOfMeasurePrice>
      <AllowDiscount>1</AllowDiscount>
      <itemStatus>1</itemStatus>
      <LastUpdateDate />
      <LastUpdateTime />
    </Product>
    <Product>
      <PriceUpdateDate>2017/03/05 08:35</PriceUpdateDate>
      <ItemCode>2327066</ItemCode>
      <ItemType>0</ItemType>
      <ItemName>קונכיות</ItemName>
      <ManufactureName>נטו מלינדה סחר בעמ</ManufactureName>
      <ManufactureCountry />
      <ManufactureItemDescription />
      <UnitQty>י"ח</UnitQty>
      <Quantity>500</Quantity>
      <UnitMeasure>ל  גרם</UnitMeasure>
      <BisWeighted>0</BisWeighted>
      <QtyInPackage>1</QtyInPackage>
      <ItemPrice>23.90</ItemPrice>
      <UnitOfMeasurePrice>4.78</UnitOfMeasurePrice>
      <AllowDiscount>0</AllowDiscount>
      <itemStatus>1</itemStatus>
      <LastUpdateDate />
      <LastUpdateTime />
    </Product>
    <Product>
      <PriceUpdateDate>2016/06/02 11:01</PriceUpdateDate>
      <ItemCode>2327073</ItemCode>
      <ItemType>0</ItemType>
      <ItemName>בורקס גבינה 800 גרם</ItemName>
      <ManufactureName>נטו מלינדה סחר בעמ</ManufactureName>
      <ManufactureCountry />
      <ManufactureItemDescription />
      <UnitQty>י"ח</UnitQty>
      <Quantity>800</Quantity>
      <UnitMeasure>ל  גרם</UnitMeasure>
      <BisWeighted>0</BisWeighted>
      <QtyInPackage>1</QtyInPackage>
      <ItemPrice>19.90</ItemPrice>
      <UnitOfMeasurePrice>2.49</UnitOfMeasurePrice>
      <AllowDiscount>1</AllowDiscount>
      <itemStatus>1</itemStatus>
      <LastUpdateDate />
      <LastUpdateTime />
    </Product>
    <Product>
      <PriceUpdateDate>2016/06/02 11:01</PriceUpdateDate>
      <ItemCode>7290002327103</ItemCode>
      <ItemType>1</ItemType>
      <ItemName>ג חנון בטעם מיוחד</ItemName>
      <ManufactureName>נטו מלינדה סחר בעמ</ManufactureName>
      <ManufactureCountry />
      <ManufactureItemDescription />
      <UnitQty>י"ח</UnitQty>
      <Quantity>1</Quantity>
      <UnitMeasure>ק"ג</UnitMeasure>
      <BisWeighted>0</BisWeighted>
      <QtyInPackage>1</QtyInPackage>
      <ItemPrice>19.90</ItemPrice>
      <UnitOfMeasurePrice>19.90</UnitOfMeasurePrice>
      <AllowDiscount>1</AllowDiscount>
      <itemStatus>1</itemStatus>
      <LastUpdateDate />
      <LastUpdateTime />
    </Product>
    <Product>
      <PriceUpdateDate>2016/06/02 11:01</PriceUpdateDate>
      <ItemCode>7290002327912</ItemCode>
      <ItemType>1</ItemType>
      <ItemName>מיני בורקס 700 ג</ItemName>
      <ManufactureName>נטו מלינדה סחר בעמ</ManufactureName>
      <ManufactureCountry />
      <ManufactureItemDescription />
      <UnitQty>י"ח</UnitQty>
      <Quantity>700</Quantity>
      <UnitMeasure>ל  גרם</UnitMeasure>
      <BisWeighted>0</BisWeighted>
      <QtyInPackage>1</QtyInPackage>
      <ItemPrice>19.90</ItemPrice>
      <UnitOfMeasurePrice>2.84</UnitOfMeasurePrice>
      <AllowDiscount>1</AllowDiscount>
      <itemStatus>1</itemStatus>
      <LastUpdateDate />
      <LastUpdateTime />
    </Product>
    <Product>
      <PriceUpdateDate>2015/12/13 16:21</PriceUpdateDate>
      <ItemCode>7290002331117</ItemCode>
      <ItemType>1</ItemType>
      <ItemName>נביעות בטעם ענבים 1.5 ליטר</ItemName>
      <ManufactureName>חברה המרכזית להפצת משקאות בעמ</ManufactureName>
      <ManufactureCountry />
      <ManufactureItemDescription />
      <UnitQty>י"ח</UnitQty>
      <Quantity>1.50</Quantity>
      <UnitMeasure>ליטר</UnitMeasure>
      <BisWeighted>0</BisWeighted>
      <QtyInPackage>1</QtyInPackage>
      <ItemPrice>7.40</ItemPrice>
      <UnitOfMeasurePrice>4.93</UnitOfMeasurePrice>
      <AllowDiscount>1</AllowDiscount>
      <itemStatus>1</itemStatus>
      <LastUpdateDate />
      <LastUpdateTime />
    </Product>
    <Product>
      <PriceUpdateDate>2013/12/18 15:40</PriceUpdateDate>
      <ItemCode>7290002331124</ItemCode>
      <ItemType>1</ItemType>
      <ItemName>מינרלים תפוח 0.5 ליטר</ItemName>
      <ManufactureName>חברה המרכזית להפצת משקאות בעמ</ManufactureName>
      <ManufactureCountry />
      <ManufactureItemDescription />
      <UnitQty>י"ח</UnitQty>
      <Quantity>500</Quantity>
      <UnitMeasure>ל  מ"ל</UnitMeasure>
      <BisWeighted>0</BisWeighted>
      <QtyInPackage>1</QtyInPackage>
      <ItemPrice>5.30</ItemPrice>
      <UnitOfMeasurePrice>1</UnitOfMeasurePrice>
      <AllowDiscount>0</AllowDiscount>
      <itemStatus>1</itemStatus>
      <LastUpdateDate />
      <LastUpdateTime />
    </Product>
    <Product>
      <PriceUpdateDate>2015/12/13 16:21</PriceUpdateDate>
      <ItemCode>7290002331148</ItemCode>
      <ItemType>1</ItemType>
      <ItemName>נביעות בטעם תפוח עדין</ItemName>
      <ManufactureName>חברה המרכזית להפצת משקאות בעמ</ManufactureName>
      <ManufactureCountry />
      <ManufactureItemDescription />
      <UnitQty>י"ח</UnitQty>
      <Quantity>1.50</Quantity>
      <UnitMeasure>ליטר</UnitMeasure>
      <BisWeighted>0</BisWeighted>
      <QtyInPackage>1</QtyInPackage>
      <ItemPrice>7.40</ItemPrice>
      <UnitOfMeasurePrice>4.93</UnitOfMeasurePrice>
      <AllowDiscount>1</AllowDiscount>
      <itemStatus>1</itemStatus>
      <LastUpdateDate />
      <LastUpdateTime />
    </Product>
    <Product>
      <PriceUpdateDate>2015/12/13 16:21</PriceUpdateDate>
      <ItemCode>7290002331179</ItemCode>
      <ItemType>1</ItemType>
      <ItemName>נביעות בטעם אפרסק</ItemName>
      <ManufactureName>חברה המרכזית להפצת משקאות בעמ</ManufactureName>
      <ManufactureCountry />
      <ManufactureItemDescription />
      <UnitQty>י"ח</UnitQty>
      <Quantity>1.50</Quantity>
      <UnitMeasure>ליטר</UnitMeasure>
      <BisWeighted>0</BisWeighted>
      <QtyInPackage>1</QtyInPackage>
      <ItemPrice>7.40</ItemPrice>
      <UnitOfMeasurePrice>4.93</UnitOfMeasurePrice>
      <AllowDiscount>1</AllowDiscount>
      <itemStatus>1</itemStatus>
      <LastUpdateDate />
      <LastUpdateTime />
    </Product>
    <Product>
      <PriceUpdateDate>2015/04/30 13:00</PriceUpdateDate>
      <ItemCode>2331360</ItemCode>
      <ItemType>0</ItemType>
      <ItemName>נביעות שישיות 500 מייל פקק ספורט</ItemName>
      <ManufactureName>חברה המרכזית להפצת משקאות בעמ</ManufactureName>
      <ManufactureCountry />
      <ManufactureItemDescription />
      <UnitQty>י"ח</UnitQty>
      <Quantity>3</Quantity>
      <UnitMeasure>ליטר</UnitMeasure>
      <BisWeighted>0</BisWeighted>
      <QtyInPackage>1</QtyInPackage>
      <ItemPrice>15.80</ItemPrice>
      <UnitOfMeasurePrice>4.67</UnitOfMeasurePrice>
      <AllowDiscount>1</AllowDiscount>
      <itemStatus>1</itemStatus>
      <LastUpdateDate />
      <LastUpdateTime />
    </Product>
    <Product>
      <PriceUpdateDate>2016/02/12 09:25</PriceUpdateDate>
      <ItemCode>7290002331421</ItemCode>
      <ItemType>1</ItemType>
      <ItemName>שישיית נביעות 775 מ"ל</ItemName>
      <ManufactureName>חברה המרכזית להפצת משקאות בעמ</ManufactureName>
      <ManufactureCountry />
      <ManufactureItemDescription />
      <UnitQty>י"ח</UnitQty>
      <Quantity>4.53</Quantity>
      <UnitMeasure>ליטר</UnitMeasure>
      <BisWeighted>0</BisWeighted>
      <QtyInPackage>1</QtyInPackage>
      <ItemPrice>18.70</ItemPrice>
      <UnitOfMeasurePrice>3.73</UnitOfMeasurePrice>
      <AllowDiscount>0</AllowDiscount>
      <itemStatus>1</itemStatus>
      <LastUpdateDate />
      <LastUpdateTime />
    </Product>
    <Product>
      <PriceUpdateDate>2018/11/27 10:01</PriceUpdateDate>
      <ItemCode>2331490</ItemCode>
      <ItemType>0</ItemType>
      <ItemName>נביעות 1ליטר</ItemName>
      <ManufactureName>חברה המרכזית להפצת משקאות בעמ</ManufactureName>
      <ManufactureCountry />
      <ManufactureItemDescription />
      <UnitQty>י"ח</UnitQty>
      <Quantity>1</Quantity>
      <UnitMeasure>ליטר</UnitMeasure>
      <BisWeighted>0</BisWeighted>
      <QtyInPackage>1</QtyInPackage>
      <ItemPrice>3.50</ItemPrice>
      <UnitOfMeasurePrice>3.50</UnitOfMeasurePrice>
      <AllowDiscount>1</AllowDiscount>
      <itemStatus>1</itemStatus>
      <LastUpdateDate />
      <LastUpdateTime />
    </Product>
    <Product>
      <PriceUpdateDate>2013/12/18 15:50</PriceUpdateDate>
      <ItemCode>7290002331711</ItemCode>
      <ItemType>1</ItemType>
      <ItemName>מינרלים תפוח 0.5 ליטר</ItemName>
      <ManufactureName>חברה המרכזית להפצת משקאות בעמ</ManufactureName>
      <ManufactureCountry />
      <ManufactureItemDescription />
      <UnitQty>י"ח</UnitQty>
      <Quantity>500</Quantity>
      <UnitMeasure>ל  מ"ל</UnitMeasure>
      <BisWeighted>0</BisWeighted>
      <QtyInPackage>1</QtyInPackage>
      <ItemPrice>5.30</ItemPrice>
      <UnitOfMeasurePrice>1</UnitOfMeasurePrice>
      <AllowDiscount>0</AllowDiscount>
      <itemStatus>1</itemStatus>
      <LastUpdateDate />
      <LastUpdateTime />
    </Product>
    <Product>
      <PriceUpdateDate>2019/01/13 12:51</PriceUpdateDate>
      <ItemCode>2343605</ItemCode>
      <ItemType>0</ItemType>
      <ItemName>בולגרית קשה 5% שקיל</ItemName>
      <ManufactureName>בידאני נתן***</ManufactureName>
      <ManufactureCountry />
      <ManufactureItemDescription />
      <UnitQty>ק"ג</UnitQty>
      <Quantity>1</Quantity>
      <UnitMeasure />
      <BisWeighted>1</BisWeighted>
      <QtyInPackage>1</QtyInPackage>
      <ItemPrice>47.90</ItemPrice>
      <UnitOfMeasurePrice>47.90</UnitOfMeasurePrice>
      <AllowDiscount>0</AllowDiscount>
      <itemStatus>1</itemStatus>
      <LastUpdateDate />
      <LastUpdateTime />
    </Product>
    <Product>
      <PriceUpdateDate>2020/02/10 00:19</PriceUpdateDate>
      <ItemCode>2345022</ItemCode>
      <ItemType>0</ItemType>
      <ItemName>אנטריקוט דקדק 250גר</ItemName>
      <ManufactureName>נטו מלינדה סחר בעמ</ManufactureName>
      <ManufactureCountry />
      <ManufactureItemDescription />
      <UnitQty>י"ח</UnitQty>
      <Quantity>250</Quantity>
      <UnitMeasure>ל  גרם</UnitMeasure>
      <BisWeighted>0</BisWeighted>
      <QtyInPackage>1</QtyInPackage>
      <ItemPrice>24.90</ItemPrice>
      <UnitOfMeasurePrice>9.96</UnitOfMeasurePrice>
      <AllowDiscount>1</AllowDiscount>
      <itemStatus>1</itemStatus>
      <LastUpdateDate />
      <LastUpdateTime />
    </Product>
    <Product>
      <PriceUpdateDate>2020/01/20 21:08</PriceUpdateDate>
      <ItemCode>2345077</ItemCode>
      <ItemType>0</ItemType>
      <ItemName>שניצל בקר דק דק 250ג אל גאוצו</ItemName>
      <ManufactureName>נטו מלינדה סחר בעמ</ManufactureName>
      <ManufactureCountry />
      <ManufactureItemDescription />
      <UnitQty>י"ח</UnitQty>
      <Quantity>250</Quantity>
      <UnitMeasure>ל  גרם</UnitMeasure>
      <BisWeighted>0</BisWeighted>
      <QtyInPackage>1</QtyInPackage>
      <ItemPrice>19.90</ItemPrice>
      <UnitOfMeasurePrice>7.96</UnitOfMeasurePrice>
      <AllowDiscount>1</AllowDiscount>
      <itemStatus>1</itemStatus>
      <LastUpdateDate />
      <LastUpdateTime />
    </Product>
    <Product>
      <PriceUpdateDate>2016/05/01 08:54</PriceUpdateDate>
      <ItemCode>2348139024008</ItemCode>
      <ItemType>1</ItemType>
      <ItemName>תחתיות ארטישוק 400 גרם</ItemName>
      <ManufactureName>נטו מלינדה סחר בעמ</ManufactureName>
      <ManufactureCountry />
      <ManufactureItemDescription />
      <UnitQty>י"ח</UnitQty>
      <Quantity>425</Quantity>
      <UnitMeasure>ל  גרם</UnitMeasure>
      <BisWeighted>0</BisWeighted>
      <QtyInPackage>1</QtyInPackage>
      <ItemPrice>11.90</ItemPrice>
      <UnitOfMeasurePrice>2.80</UnitOfMeasurePrice>
      <AllowDiscount>0</AllowDiscount>
      <itemStatus>1</itemStatus>
      <LastUpdateDate />
      <LastUpdateTime />
    </Product>
    <Product>
      <PriceUpdateDate>2016/09/27 08:59</PriceUpdateDate>
      <ItemCode>7290002348160</ItemCode>
      <ItemType>1</ItemType>
      <ItemName>תירס גמדי שלם ויליגר 400גר</ItemName>
      <ManufactureName>נטו מלינדה סחר בעמ</ManufactureName>
      <ManufactureCountry />
      <ManufactureItemDescription />
      <UnitQty>י"ח</UnitQty>
      <Quantity>400</Quantity>
      <UnitMeasure>ל  גרם</UnitMeasure>
      <BisWeighted>0</BisWeighted>
      <QtyInPackage>1</QtyInPackage>
      <ItemPrice>5.90</ItemPrice>
      <UnitOfMeasurePrice>1.48</UnitOfMeasurePrice>
      <AllowDiscount>0</AllowDiscount>
      <itemStatus>1</itemStatus>
      <LastUpdateDate />
      <LastUpdateTime />
    </Product>
    <Product>
      <PriceUpdateDate>2017/07/26 13:12</PriceUpdateDate>
      <ItemCode>7290002348221</ItemCode>
      <ItemType>1</ItemType>
      <ItemName>אננס שלם ויליגר 820ג</ItemName>
      <ManufactureName>נטו מלינדה סחר בעמ</ManufactureName>
      <ManufactureCountry />
      <ManufactureItemDescription />
      <UnitQty>י"ח</UnitQty>
      <Quantity>820</Quantity>
      <UnitMeasure>ל  גרם</UnitMeasure>
      <BisWeighted>0</BisWeighted>
      <QtyInPackage>1</QtyInPackage>
      <ItemPrice>12.90</ItemPrice>
      <UnitOfMeasurePrice>1.57</UnitOfMeasurePrice>
      <AllowDiscount>0</AllowDiscount>
      <itemStatus>1</itemStatus>
      <LastUpdateDate />
      <LastUpdateTime />
    </Product>
    <Product>
      <PriceUpdateDate>2017/07/26 13:11</PriceUpdateDate>
      <ItemCode>7290002348238</ItemCode>
      <ItemType>1</ItemType>
      <ItemName>לפתן אננס  חתוך 850 ג וויליגר</ItemName>
      <ManufactureName>נטו מלינדה סחר בעמ</ManufactureName>
      <ManufactureCountry />
      <ManufactureItemDescription />
      <UnitQty>י"ח</UnitQty>
      <Quantity>850</Quantity>
      <UnitMeasure>ל  גרם</UnitMeasure>
      <BisWeighted>0</BisWeighted>
      <QtyInPackage>1</QtyInPackage>
      <ItemPrice>8.90</ItemPrice>
      <UnitOfMeasurePrice>1.05</UnitOfMeasurePrice>
      <AllowDiscount>0</AllowDiscount>
      <itemStatus>1</itemStatus>
      <LastUpdateDate />
      <LastUpdateTime />
    </Product>
    <Product>
      <PriceUpdateDate>2015/11/05 18:13</PriceUpdateDate>
      <ItemCode>7290002348245</ItemCode>
      <ItemType>1</ItemType>
      <ItemName>לבבות דקל ויליגר שלם 400גר</ItemName>
      <ManufactureName>נטו מלינדה סחר בעמ</ManufactureName>
      <ManufactureCountry />
      <ManufactureItemDescription />
      <UnitQty>י"ח</UnitQty>
      <Quantity>400</Quantity>
      <UnitMeasure>ל  גרם</UnitMeasure>
      <BisWeighted>0</BisWeighted>
      <QtyInPackage>1</QtyInPackage>
      <ItemPrice>9.90</ItemPrice>
      <UnitOfMeasurePrice>2.48</UnitOfMeasurePrice>
      <AllowDiscount>0</AllowDiscount>
      <itemStatus>1</itemStatus>
      <LastUpdateDate />
      <LastUpdateTime />
    </Product>
    <Product>
      <PriceUpdateDate>2017/07/26 13:11</PriceUpdateDate>
      <ItemCode>7290002348306</ItemCode>
      <ItemType>1</ItemType>
      <ItemName>קוקטיל פירות</ItemName>
      <ManufactureName>נטו מלינדה סחר בעמ</ManufactureName>
      <ManufactureCountry />
      <ManufactureItemDescription />
      <UnitQty>י"ח</UnitQty>
      <Quantity>850</Quantity>
      <UnitMeasure>ל  גרם</UnitMeasure>
      <BisWeighted>0</BisWeighted>
      <QtyInPackage>1</QtyInPackage>
      <ItemPrice>11.90</ItemPrice>
      <UnitOfMeasurePrice>1.40</UnitOfMeasurePrice>
      <AllowDiscount>0</AllowDiscount>
      <itemStatus>1</itemStatus>
      <LastUpdateDate />
      <LastUpdateTime />
    </Product>
    <Product>
      <PriceUpdateDate>2013/12/23 14:37</PriceUpdateDate>
      <ItemCode>7290002348573</ItemCode>
      <ItemType>1</ItemType>
      <ItemName>אטריות אורז 300גר</ItemName>
      <ManufactureName>נטו מלינדה סחר בעמ</ManufactureName>
      <ManufactureCountry />
      <ManufactureItemDescription />
      <UnitQty>י"ח</UnitQty>
      <Quantity>300</Quantity>
      <UnitMeasure>ל  גרם</UnitMeasure>
      <BisWeighted>0</BisWeighted>
      <QtyInPackage>1</QtyInPackage>
      <ItemPrice>4.80</ItemPrice>
      <UnitOfMeasurePrice>1.60</UnitOfMeasurePrice>
      <AllowDiscount>0</AllowDiscount>
      <itemStatus>1</itemStatus>
      <LastUpdateDate />
      <LastUpdateTime />
    </Product>
    <Product>
      <PriceUpdateDate>2013/12/17 13:47</PriceUpdateDate>
      <ItemCode>7290002360230</ItemCode>
      <ItemType>1</ItemType>
      <ItemName>חרדל דיג ון 200 גרם</ItemName>
      <ManufactureName>ש.שסטוביץ בעמ</ManufactureName>
      <ManufactureCountry />
      <ManufactureItemDescription />
      <UnitQty>י"ח</UnitQty>
      <Quantity>200</Quantity>
      <UnitMeasure>ל  גרם</UnitMeasure>
      <BisWeighted>0</BisWeighted>
      <QtyInPackage>1</QtyInPackage>
      <ItemPrice>12</ItemPrice>
      <UnitOfMeasurePrice>6</UnitOfMeasurePrice>
      <AllowDiscount>0</AllowDiscount>
      <itemStatus>1</itemStatus>
      <LastUpdateDate />
      <LastUpdateTime />
    </Product>
    <Product>
      <PriceUpdateDate>2019/09/17 09:20</PriceUpdateDate>
      <ItemCode>7290002360278</ItemCode>
      <ItemType>1</ItemType>
      <ItemName>תה פומפדור-מנטה</ItemName>
      <ManufactureName>ש.שסטוביץ בעמ</ManufactureName>
      <ManufactureCountry />
      <ManufactureItemDescription />
      <UnitQty>י"ח</UnitQty>
      <Quantity>45</Quantity>
      <UnitMeasure>ל  גרם</UnitMeasure>
      <BisWeighted>0</BisWeighted>
      <QtyInPackage>1</QtyInPackage>
      <ItemPrice>14.50</ItemPrice>
      <UnitOfMeasurePrice>32.22</UnitOfMeasurePrice>
      <AllowDiscount>0</AllowDiscount>
      <itemStatus>1</itemStatus>
      <LastUpdateDate />
      <LastUpdateTime />
    </Product>
    <Product>
      <PriceUpdateDate>2018/01/08 14:44</PriceUpdateDate>
      <ItemCode>2370130</ItemCode>
      <ItemType>0</ItemType>
      <ItemName>גבינת ברי צרפתית שקיל</ItemName>
      <ManufactureName>ג.וילי פוד אינטרנשיונל בעמ</ManufactureName>
      <ManufactureCountry />
      <ManufactureItemDescription />
      <UnitQty>ק"ג</UnitQty>
      <Quantity>1</Quantity>
      <UnitMeasure>ק"ג</UnitMeasure>
      <BisWeighted>1</BisWeighted>
      <QtyInPackage>1</QtyInPackage>
      <ItemPrice>109.90</ItemPrice>
      <UnitOfMeasurePrice>109.90</UnitOfMeasurePrice>
      <AllowDiscount>1</AllowDiscount>
      <itemStatus>1</itemStatus>
      <LastUpdateDate />
      <LastUpdateTime />
    </Product>
    <Product>
      <PriceUpdateDate>2019/12/15 08:05</PriceUpdateDate>
      <ItemCode>2370420</ItemCode>
      <ItemType>0</ItemType>
      <ItemName>גאודגבינה חוויה בסגנון   מהולנד ויליפו</ItemName>
      <ManufactureName>ג.וילי פוד אינטרנשיונל בעמ</ManufactureName>
      <ManufactureCountry />
      <ManufactureItemDescription />
      <UnitQty>ק"ג</UnitQty>
      <Quantity>1</Quantity>
      <UnitMeasure />
      <BisWeighted>1</BisWeighted>
      <QtyInPackage>1</QtyInPackage>
      <ItemPrice>69.90</ItemPrice>
      <UnitOfMeasurePrice>69.90</UnitOfMeasurePrice>
      <AllowDiscount>0</AllowDiscount>
      <itemStatus>1</itemStatus>
      <LastUpdateDate />
      <LastUpdateTime />
    </Product>
    <Product>
      <PriceUpdateDate>2020/04/27 08:18</PriceUpdateDate>
      <ItemCode>2370475</ItemCode>
      <ItemType>0</ItemType>
      <ItemName>גבינה כחולה עם עובש שקיל</ItemName>
      <ManufactureName>ג.וילי פוד אינטרנשיונל בעמ</ManufactureName>
      <ManufactureCountry />
      <ManufactureItemDescription />
      <UnitQty>ק"ג</UnitQty>
      <Quantity>1</Quantity>
      <UnitMeasure>ק"ג</UnitMeasure>
      <BisWeighted>1</BisWeighted>
      <QtyInPackage>1</QtyInPackage>
      <ItemPrice>99.90</ItemPrice>
      <UnitOfMeasurePrice>99.90</UnitOfMeasurePrice>
      <AllowDiscount>0</AllowDiscount>
      <itemStatus>1</itemStatus>
      <LastUpdateDate />
      <LastUpdateTime />
    </Product>
    <Product>
      <PriceUpdateDate>2018/06/10 10:46</PriceUpdateDate>
      <ItemCode>2371571</ItemCode>
      <ItemType>0</ItemType>
      <ItemName>פסטרמה פרגיות טירת צבי</ItemName>
      <ManufactureName>תנובה בשר</ManufactureName>
      <ManufactureCountry />
      <ManufactureItemDescription />
      <UnitQty>ק"ג</UnitQty>
      <Quantity>1</Quantity>
      <UnitMeasure />
      <BisWeighted>1</BisWeighted>
      <QtyInPackage>1</QtyInPackage>
      <ItemPrice>84.90</ItemPrice>
      <UnitOfMeasurePrice>84.90</UnitOfMeasurePrice>
      <AllowDiscount>0</AllowDiscount>
      <itemStatus>1</itemStatus>
      <LastUpdateDate />
      <LastUpdateTime />
    </Product>
    <Product>
      <PriceUpdateDate>2019/08/13 14:46</PriceUpdateDate>
      <ItemCode>2374640</ItemCode>
      <ItemType>0</ItemType>
      <ItemName>שמן קנולה פלוס אומגה 3 עץ הזית 1ליטר</ItemName>
      <ManufactureName>שמן תעשיות בעמ</ManufactureName>
      <ManufactureCountry />
      <ManufactureItemDescription />
      <UnitQty>י"ח</UnitQty>
      <Quantity>1</Quantity>
      <UnitMeasure>ליטר</UnitMeasure>
      <BisWeighted>0</BisWeighted>
      <QtyInPackage>1</QtyInPackage>
      <ItemPrice>15.90</ItemPrice>
      <UnitOfMeasurePrice>15.90</UnitOfMeasurePrice>
      <AllowDiscount>0</AllowDiscount>
      <itemStatus>1</itemStatus>
      <LastUpdateDate />
      <LastUpdateTime />
    </Product>
    <Product>
      <PriceUpdateDate>2018/10/07 16:48</PriceUpdateDate>
      <ItemCode>2385066</ItemCode>
      <ItemType>0</ItemType>
      <ItemName>בולגרית קוביות 5%</ItemName>
      <ManufactureName>מחלבות גד</ManufactureName>
      <ManufactureCountry />
      <ManufactureItemDescription />
      <UnitQty>י"ח</UnitQty>
      <Quantity>1</Quantity>
      <UnitMeasure />
      <BisWeighted>1</BisWeighted>
      <QtyInPackage>1</QtyInPackage>
      <ItemPrice>61.90</ItemPrice>
      <UnitOfMeasurePrice>61.90</UnitOfMeasurePrice>
      <AllowDiscount>0</AllowDiscount>
      <itemStatus>1</itemStatus>
      <LastUpdateDate />
      <LastUpdateTime />
    </Product>
    <Product>
      <PriceUpdateDate>2015/06/02 13:12</PriceUpdateDate>
      <ItemCode>2385196</ItemCode>
      <ItemType>0</ItemType>
      <ItemName>רוקפור גליל שקיל גד</ItemName>
      <ManufactureName>מחלבות גד</ManufactureName>
      <ManufactureCountry />
      <ManufactureItemDescription />
      <UnitQty>ק"ג</UnitQty>
      <Quantity>1</Quantity>
      <UnitMeasure />
      <BisWeighted>1</BisWeighted>
      <QtyInPackage>1</QtyInPackage>
      <ItemPrice>126</ItemPrice>
      <UnitOfMeasurePrice>126</UnitOfMeasurePrice>
      <AllowDiscount>1</AllowDiscount>
      <itemStatus>1</itemStatus>
      <LastUpdateDate />
      <LastUpdateTime />
    </Product>
    <Product>
      <PriceUpdateDate>2018/10/07 16:48</PriceUpdateDate>
      <ItemCode>2385479</ItemCode>
      <ItemType>0</ItemType>
      <ItemName>צפתית מלבן  5% במים גד</ItemName>
      <ManufactureName>מחלבות גד</ManufactureName>
      <ManufactureCountry />
      <ManufactureItemDescription />
      <UnitQty>ק"ג</UnitQty>
      <Quantity>1</Quantity>
      <UnitMeasure />
      <BisWeighted>1</BisWeighted>
      <QtyInPackage>1</QtyInPackage>
      <ItemPrice>61.90</ItemPrice>
      <UnitOfMeasurePrice>61.90</UnitOfMeasurePrice>
      <AllowDiscount>1</AllowDiscount>
      <itemStatus>1</itemStatus>
      <LastUpdateDate />
      <LastUpdateTime />
    </Product>
    <Product>
      <PriceUpdateDate>2018/10/07 16:48</PriceUpdateDate>
      <ItemCode>2385486</ItemCode>
      <ItemType>0</ItemType>
      <ItemName>גבינת שמנת טבעית 30% שקיל גד</ItemName>
      <ManufactureName>מחלבות גד</ManufactureName>
      <ManufactureCountry />
      <ManufactureItemDescription />
      <UnitQty>ק"ג</UnitQty>
      <Quantity>1</Quantity>
      <UnitMeasure />
      <BisWeighted>1</BisWeighted>
      <QtyInPackage>1</QtyInPackage>
      <ItemPrice>44.90</ItemPrice>
      <UnitOfMeasurePrice>44.90</UnitOfMeasurePrice>
      <AllowDiscount>1</AllowDiscount>
      <itemStatus>1</itemStatus>
      <LastUpdateDate />
      <LastUpdateTime />
    </Product>
    <Product>
      <PriceUpdateDate>2018/10/07 16:48</PriceUpdateDate>
      <ItemCode>2385509</ItemCode>
      <ItemType>0</ItemType>
      <ItemName>גבינת שמנת שמיר 30% שקיל גד</ItemName>
      <ManufactureName>מחלבות גד</ManufactureName>
      <ManufactureCountry />
      <ManufactureItemDescription />
      <UnitQty>ק"ג</UnitQty>
      <Quantity>1</Quantity>
      <UnitMeasure />
      <BisWeighted>1</BisWeighted>
      <QtyInPackage>1</QtyInPackage>
      <ItemPrice>44.90</ItemPrice>
      <UnitOfMeasurePrice>44.90</UnitOfMeasurePrice>
      <AllowDiscount>1</AllowDiscount>
      <itemStatus>1</itemStatus>
      <LastUpdateDate />
      <LastUpdateTime />
    </Product>
    <Product>
      <PriceUpdateDate>2013/12/25 13:23</PriceUpdateDate>
      <ItemCode>2394982</ItemCode>
      <ItemType>0</ItemType>
      <ItemName>חריץ מוצרלה</ItemName>
      <ManufactureName>*חברה המרכזית להפצתמשקאותבעמ*</ManufactureName>
      <ManufactureCountry />
      <ManufactureItemDescription />
      <UnitQty>ק"ג</UnitQty>
      <Quantity>1</Quantity>
      <UnitMeasure />
      <BisWeighted>1</BisWeighted>
      <QtyInPackage>1</QtyInPackage>
      <ItemPrice>80</ItemPrice>
      <UnitOfMeasurePrice>80</UnitOfMeasurePrice>
      <AllowDiscount>0</AllowDiscount>
      <itemStatus>1</itemStatus>
      <LastUpdateDate />
      <LastUpdateTime />
    </Product>
    <Product>
      <PriceUpdateDate>2018/12/10 12:20</PriceUpdateDate>
      <ItemCode>2395415</ItemCode>
      <ItemType>0</ItemType>
      <ItemName>חריץ גבינה נעם 9% שקיל</ItemName>
      <ManufactureName>*חברה המרכזית להפצתמשקאותבעמ*</ManufactureName>
      <ManufactureCountry />
      <ManufactureItemDescription />
      <UnitQty>ק"ג</UnitQty>
      <Quantity>1</Quantity>
      <UnitMeasure />
      <BisWeighted>1</BisWeighted>
      <QtyInPackage>1</QtyInPackage>
      <ItemPrice>70.90</ItemPrice>
      <UnitOfMeasurePrice>70.90</UnitOfMeasurePrice>
      <AllowDiscount>0</AllowDiscount>
      <itemStatus>1</itemStatus>
      <LastUpdateDate />
      <LastUpdateTime />
    </Product>
    <Product>
      <PriceUpdateDate>2019/06/13 20:04</PriceUpdateDate>
      <ItemCode>2395422</ItemCode>
      <ItemType>0</ItemType>
      <ItemName>גבינה צהובה נעם 22%  שקיל*</ItemName>
      <ManufactureName>*חברה המרכזית להפצתמשקאותבעמ*</ManufactureName>
      <ManufactureCountry />
      <ManufactureItemDescription />
      <UnitQty>ק"ג</UnitQty>
      <Quantity>1</Quantity>
      <UnitMeasure />
      <BisWeighted>1</BisWeighted>
      <QtyInPackage>1</QtyInPackage>
      <ItemPrice>40.59</ItemPrice>
      <UnitOfMeasurePrice>40.59</UnitOfMeasurePrice>
      <AllowDiscount>0</AllowDiscount>
      <itemStatus>1</itemStatus>
      <LastUpdateDate />
      <LastUpdateTime />
    </Product>
    <Product>
      <PriceUpdateDate>2015/10/22 15:14</PriceUpdateDate>
      <ItemCode>2439981</ItemCode>
      <ItemType>0</ItemType>
      <ItemName>קבב בקר  אל גאוצ`ו 400גר`</ItemName>
      <ManufactureName>נטו מלינדה סחר בעמ</ManufactureName>
      <ManufactureCountry />
      <ManufactureItemDescription />
      <UnitQty>י"ח</UnitQty>
      <Quantity>400</Quantity>
      <UnitMeasure>ל  גרם</UnitMeasure>
      <BisWeighted>0</BisWeighted>
      <QtyInPackage>1</QtyInPackage>
      <ItemPrice>22.90</ItemPrice>
      <UnitOfMeasurePrice>5.73</UnitOfMeasurePrice>
      <AllowDiscount>1</AllowDiscount>
      <itemStatus>1</itemStatus>
      <LastUpdateDate />
      <LastUpdateTime />
    </Product>
    <Product>
      <PriceUpdateDate>2015/10/22 15:11</PriceUpdateDate>
      <ItemCode>2439998</ItemCode>
      <ItemType>0</ItemType>
      <ItemName>קבב בקר וכבש אל גאוצ`ו 400גר`</ItemName>
      <ManufactureName>נטו מלינדה סחר בעמ</ManufactureName>
      <ManufactureCountry />
      <ManufactureItemDescription />
      <UnitQty>י"ח</UnitQty>
      <Quantity>400</Quantity>
      <UnitMeasure>ל  גרם</UnitMeasure>
      <BisWeighted>0</BisWeighted>
      <QtyInPackage>1</QtyInPackage>
      <ItemPrice>22.90</ItemPrice>
      <UnitOfMeasurePrice>5.73</UnitOfMeasurePrice>
      <AllowDiscount>1</AllowDiscount>
      <itemStatus>1</itemStatus>
      <LastUpdateDate />
      <LastUpdateTime />
    </Product>
    <Product>
      <PriceUpdateDate>2016/03/06 16:55</PriceUpdateDate>
      <ItemCode>2487364</ItemCode>
      <ItemType>0</ItemType>
      <ItemName>בורקס פילו גבינה  זיתים 700 גרם</ItemName>
      <ManufactureName>נטו מלינדה סחר בעמ</ManufactureName>
      <ManufactureCountry />
      <ManufactureItemDescription />
      <UnitQty>י"ח</UnitQty>
      <Quantity>700</Quantity>
      <UnitMeasure>ל  גרם</UnitMeasure>
      <BisWeighted>0</BisWeighted>
      <QtyInPackage>1</QtyInPackage>
      <ItemPrice>19.90</ItemPrice>
      <UnitOfMeasurePrice>2.84</UnitOfMeasurePrice>
      <AllowDiscount>1</AllowDiscount>
      <itemStatus>1</itemStatus>
      <LastUpdateDate />
      <LastUpdateTime />
    </Product>
    <Product>
      <PriceUpdateDate>2017/06/21 14:37</PriceUpdateDate>
      <ItemCode>2507604</ItemCode>
      <ItemType>0</ItemType>
      <ItemName>פיצה השף איטלקית 320ג</ItemName>
      <ManufactureName>נטו מלינדה סחר בעמ</ManufactureName>
      <ManufactureCountry />
      <ManufactureItemDescription />
      <UnitQty>י"ח</UnitQty>
      <Quantity>320</Quantity>
      <UnitMeasure>ל  גרם</UnitMeasure>
      <BisWeighted>0</BisWeighted>
      <QtyInPackage>1</QtyInPackage>
      <ItemPrice>16.90</ItemPrice>
      <UnitOfMeasurePrice>5.28</UnitOfMeasurePrice>
      <AllowDiscount>1</AllowDiscount>
      <itemStatus>1</itemStatus>
      <LastUpdateDate />
      <LastUpdateTime />
    </Product>
    <Product>
      <PriceUpdateDate>2016/08/29 09:38</PriceUpdateDate>
      <ItemCode>2511137</ItemCode>
      <ItemType>0</ItemType>
      <ItemName>פטה עיזים</ItemName>
      <ManufactureName>מחלבות המושבה בעמ</ManufactureName>
      <ManufactureCountry />
      <ManufactureItemDescription />
      <UnitQty>ק"ג</UnitQty>
      <Quantity>1000</Quantity>
      <UnitMeasure>ל  גרם</UnitMeasure>
      <BisWeighted>1</BisWeighted>
      <QtyInPackage>1</QtyInPackage>
      <ItemPrice>95.90</ItemPrice>
      <UnitOfMeasurePrice>9.59</UnitOfMeasurePrice>
      <AllowDiscount>0</AllowDiscount>
      <itemStatus>1</itemStatus>
      <LastUpdateDate />
      <LastUpdateTime />
    </Product>
    <Product>
      <PriceUpdateDate>2016/08/29 09:37</PriceUpdateDate>
      <ItemCode>2511212</ItemCode>
      <ItemType>0</ItemType>
      <ItemName>צפתית עיראקית המושבה</ItemName>
      <ManufactureName>מחלבות המושבה בעמ</ManufactureName>
      <ManufactureCountry />
      <ManufactureItemDescription />
      <UnitQty>ק"ג</UnitQty>
      <Quantity>1</Quantity>
      <UnitMeasure />
      <BisWeighted>1</BisWeighted>
      <QtyInPackage>1</QtyInPackage>
      <ItemPrice>65.90</ItemPrice>
      <UnitOfMeasurePrice>65.90</UnitOfMeasurePrice>
      <AllowDiscount>0</AllowDiscount>
      <itemStatus>1</itemStatus>
      <LastUpdateDate />
      <LastUpdateTime />
    </Product>
    <Product>
      <PriceUpdateDate>2019/06/25 08:07</PriceUpdateDate>
      <ItemCode>2511236</ItemCode>
      <ItemType>0</ItemType>
      <ItemName>בולגרית מעודנת  5%  המושבה</ItemName>
      <ManufactureName>מחלבות המושבה בעמ</ManufactureName>
      <ManufactureCountry />
      <ManufactureItemDescription />
      <UnitQty>ק"ג</UnitQty>
      <Quantity>1</Quantity>
      <UnitMeasure />
      <BisWeighted>1</BisWeighted>
      <QtyInPackage>1</QtyInPackage>
      <ItemPrice>39.90</ItemPrice>
      <UnitOfMeasurePrice>39.90</UnitOfMeasurePrice>
      <AllowDiscount>1</AllowDiscount>
      <itemStatus>1</itemStatus>
      <LastUpdateDate />
      <LastUpdateTime />
    </Product>
    <Product>
      <PriceUpdateDate>2016/08/29 09:38</PriceUpdateDate>
      <ItemCode>2511342</ItemCode>
      <ItemType>0</ItemType>
      <ItemName>גבינת מנצ`גו כבשים</ItemName>
      <ManufactureName>מחלבות המושבה בעמ</ManufactureName>
      <ManufactureCountry />
      <ManufactureItemDescription />
      <UnitQty>ק"ג</UnitQty>
      <Quantity>1</Quantity>
      <UnitMeasure />
      <BisWeighted>1</BisWeighted>
      <QtyInPackage>1</QtyInPackage>
      <ItemPrice>124.90</ItemPrice>
      <UnitOfMeasurePrice>124.90</UnitOfMeasurePrice>
      <AllowDiscount>0</AllowDiscount>
      <itemStatus>1</itemStatus>
      <LastUpdateDate />
      <LastUpdateTime />
    </Product>
    <Product>
      <PriceUpdateDate>2017/05/08 14:01</PriceUpdateDate>
      <ItemCode>7290002515371</ItemCode>
      <ItemType>1</ItemType>
      <ItemName>.קמיל בלו 1 ליטר</ItemName>
      <ManufactureName>פישר תעשיות פרמבצטיות בעמ</ManufactureName>
      <ManufactureCountry />
      <ManufactureItemDescription />
      <UnitQty>י"ח</UnitQty>
      <Quantity>1</Quantity>
      <UnitMeasure>ליטר</UnitMeasure>
      <BisWeighted>0</BisWeighted>
      <QtyInPackage>1</QtyInPackage>
      <ItemPrice>26.90</ItemPrice>
      <UnitOfMeasurePrice>26.90</UnitOfMeasurePrice>
      <AllowDiscount>0</AllowDiscount>
      <itemStatus>1</itemStatus>
      <LastUpdateDate />
      <LastUpdateTime />
    </Product>
    <Product>
      <PriceUpdateDate>2015/11/18 14:35</PriceUpdateDate>
      <ItemCode>2542506</ItemCode>
      <ItemType>0</ItemType>
      <ItemName>בירה קורונה  355מייל</ItemName>
      <ManufactureName>תימקו בירה</ManufactureName>
      <ManufactureCountry />
      <ManufactureItemDescription />
      <UnitQty>י"ח</UnitQty>
      <Quantity>330</Quantity>
      <UnitMeasure>ל  מ"ל</UnitMeasure>
      <BisWeighted>0</BisWeighted>
      <QtyInPackage>1</QtyInPackage>
      <ItemPrice>10.90</ItemPrice>
      <UnitOfMeasurePrice>3.21</UnitOfMeasurePrice>
      <AllowDiscount>0</AllowDiscount>
      <itemStatus>1</itemStatus>
      <LastUpdateDate />
      <LastUpdateTime />
    </Product>
    <Product>
      <PriceUpdateDate>2018/08/12 11:48</PriceUpdateDate>
      <ItemCode>7290002543046</ItemCode>
      <ItemType>1</ItemType>
      <ItemName>פרוסטיס 750 גרם קלוגס</ItemName>
      <ManufactureName>דיפלומט בעמ</ManufactureName>
      <ManufactureCountry />
      <ManufactureItemDescription />
      <UnitQty>י"ח</UnitQty>
      <Quantity>750</Quantity>
      <UnitMeasure>ל  גרם</UnitMeasure>
      <BisWeighted>0</BisWeighted>
      <QtyInPackage>1</QtyInPackage>
      <ItemPrice>18.90</ItemPrice>
      <UnitOfMeasurePrice>2.52</UnitOfMeasurePrice>
      <AllowDiscount>0</AllowDiscount>
      <itemStatus>1</itemStatus>
      <LastUpdateDate />
      <LastUpdateTime />
    </Product>
    <Product>
      <PriceUpdateDate>2019/11/11 09:23</PriceUpdateDate>
      <ItemCode>7290002543237</ItemCode>
      <ItemType>1</ItemType>
      <ItemName>קורנפלקס 750 גרם קלוגס</ItemName>
      <ManufactureName>דיפלומט בעמ</ManufactureName>
      <ManufactureCountry />
      <ManufactureItemDescription />
      <UnitQty>י"ח</UnitQty>
      <Quantity>750</Quantity>
      <UnitMeasure>ל  גרם</UnitMeasure>
      <BisWeighted>0</BisWeighted>
      <QtyInPackage>1</QtyInPackage>
      <ItemPrice>16.90</ItemPrice>
      <UnitOfMeasurePrice>2.25</UnitOfMeasurePrice>
      <AllowDiscount>0</AllowDiscount>
      <itemStatus>1</itemStatus>
      <LastUpdateDate />
      <LastUpdateTime />
    </Product>
    <Product>
      <PriceUpdateDate>2018/08/29 09:01</PriceUpdateDate>
      <ItemCode>2603016</ItemCode>
      <ItemType>0</ItemType>
      <ItemName>טונה  במים 140ג 1/4</ItemName>
      <ManufactureName>נטו מלינדה סחר בעמ</ManufactureName>
      <ManufactureCountry />
      <ManufactureItemDescription />
      <UnitQty>י"ח</UnitQty>
      <Quantity>560</Quantity>
      <UnitMeasure>ל  גרם</UnitMeasure>
      <BisWeighted>0</BisWeighted>
      <QtyInPackage>1</QtyInPackage>
      <ItemPrice>19.90</ItemPrice>
      <UnitOfMeasurePrice>3.55</UnitOfMeasurePrice>
      <AllowDiscount>0</AllowDiscount>
      <itemStatus>1</itemStatus>
      <LastUpdateDate />
      <LastUpdateTime />
    </Product>
    <Product>
      <PriceUpdateDate>2018/01/10 12:48</PriceUpdateDate>
      <ItemCode>2603474</ItemCode>
      <ItemType>0</ItemType>
      <ItemName>פיצה שף שגב רוטב פטריות טעם ממהין200ג</ItemName>
      <ManufactureName>נטו מלינדה סחר בעמ</ManufactureName>
      <ManufactureCountry />
      <ManufactureItemDescription />
      <UnitQty>י"ח</UnitQty>
      <Quantity>200</Quantity>
      <UnitMeasure>ל  גרם</UnitMeasure>
      <BisWeighted>0</BisWeighted>
      <QtyInPackage>1</QtyInPackage>
      <ItemPrice>14.90</ItemPrice>
      <UnitOfMeasurePrice>7.45</UnitOfMeasurePrice>
      <AllowDiscount>0</AllowDiscount>
      <itemStatus>1</itemStatus>
      <LastUpdateDate />
      <LastUpdateTime />
    </Product>
    <Product>
      <PriceUpdateDate>2018/01/10 12:48</PriceUpdateDate>
      <ItemCode>2603481</ItemCode>
      <ItemType>0</ItemType>
      <ItemName>פיצה שף שגב פסטו ועגבניות 200ג</ItemName>
      <ManufactureName>נטו מלינדה סחר בעמ</ManufactureName>
      <ManufactureCountry />
      <ManufactureItemDescription />
      <UnitQty>י"ח</UnitQty>
      <Quantity>200</Quantity>
      <UnitMeasure>ל  גרם</UnitMeasure>
      <BisWeighted>0</BisWeighted>
      <QtyInPackage>1</QtyInPackage>
      <ItemPrice>14.90</ItemPrice>
      <UnitOfMeasurePrice>7.45</UnitOfMeasurePrice>
      <AllowDiscount>0</AllowDiscount>
      <itemStatus>1</itemStatus>
      <LastUpdateDate />
      <LastUpdateTime />
    </Product>
    <Product>
      <PriceUpdateDate>2018/01/10 12:48</PriceUpdateDate>
      <ItemCode>2603498</ItemCode>
      <ItemType>0</ItemType>
      <ItemName>פיצה שף שגב אנטיפסטי 200ג</ItemName>
      <ManufactureName>נטו מלינדה סחר בעמ</ManufactureName>
      <ManufactureCountry />
      <ManufactureItemDescription />
      <UnitQty>י"ח</UnitQty>
      <Quantity>200</Quantity>
      <UnitMeasure>ל  גרם</UnitMeasure>
      <BisWeighted>0</BisWeighted>
      <QtyInPackage>1</QtyInPackage>
      <ItemPrice>14.90</ItemPrice>
      <UnitOfMeasurePrice>7.45</UnitOfMeasurePrice>
      <AllowDiscount>0</AllowDiscount>
      <itemStatus>1</itemStatus>
      <LastUpdateDate />
      <LastUpdateTime />
    </Product>
    <Product>
      <PriceUpdateDate>2018/01/10 12:48</PriceUpdateDate>
      <ItemCode>2603504</ItemCode>
      <ItemType>0</ItemType>
      <ItemName>פיצה שף שגב עגבניות ובצל סגול 200ג</ItemName>
      <ManufactureName>נטו מלינדה סחר בעמ</ManufactureName>
      <ManufactureCountry />
      <ManufactureItemDescription />
      <UnitQty>י"ח</UnitQty>
      <Quantity>200</Quantity>
      <UnitMeasure>ל  גרם</UnitMeasure>
      <BisWeighted>0</BisWeighted>
      <QtyInPackage>1</QtyInPackage>
      <ItemPrice>14.90</ItemPrice>
      <UnitOfMeasurePrice>7.45</UnitOfMeasurePrice>
      <AllowDiscount>0</AllowDiscount>
      <itemStatus>1</itemStatus>
      <LastUpdateDate />
      <LastUpdateTime />
    </Product>
    <Product>
      <PriceUpdateDate>2019/01/27 13:10</PriceUpdateDate>
      <ItemCode>7290002663522</ItemCode>
      <ItemType>1</ItemType>
      <ItemName>תפוזינה תפוזים 1.5 ליטר</ItemName>
      <ManufactureName>יפאורה שותפות מוגבלת לשיווק</ManufactureName>
      <ManufactureCountry />
      <ManufactureItemDescription />
      <UnitQty>י"ח</UnitQty>
      <Quantity>1.50</Quantity>
      <UnitMeasure>ליטר</UnitMeasure>
      <BisWeighted>0</BisWeighted>
      <QtyInPackage>1</QtyInPackage>
      <ItemPrice>5.90</ItemPrice>
      <UnitOfMeasurePrice>3.93</UnitOfMeasurePrice>
      <AllowDiscount>1</AllowDiscount>
      <itemStatus>1</itemStatus>
      <LastUpdateDate />
      <LastUpdateTime />
    </Product>
    <Product>
      <PriceUpdateDate>2019/01/27 13:10</PriceUpdateDate>
      <ItemCode>7290002663539</ItemCode>
      <ItemType>1</ItemType>
      <ItemName>תפוזינה-אשכוליות   1.5 ל</ItemName>
      <ManufactureName>יפאורה שותפות מוגבלת לשיווק</ManufactureName>
      <ManufactureCountry />
      <ManufactureItemDescription />
      <UnitQty>י"ח</UnitQty>
      <Quantity>1.50</Quantity>
      <UnitMeasure>ליטר</UnitMeasure>
      <BisWeighted>0</BisWeighted>
      <QtyInPackage>1</QtyInPackage>
      <ItemPrice>5.90</ItemPrice>
      <UnitOfMeasurePrice>3.93</UnitOfMeasurePrice>
      <AllowDiscount>1</AllowDiscount>
      <itemStatus>1</itemStatus>
      <LastUpdateDate />
      <LastUpdateTime />
    </Product>
    <Product>
      <PriceUpdateDate>2019/01/28 13:23</PriceUpdateDate>
      <ItemCode>7290002663805</ItemCode>
      <ItemType>1</ItemType>
      <ItemName>מי טוניק</ItemName>
      <ManufactureName>יפאורה שותפות מוגבלת לשיווק</ManufactureName>
      <ManufactureCountry />
      <ManufactureItemDescription />
      <UnitQty>י"ח</UnitQty>
      <Quantity>1.50</Quantity>
      <UnitMeasure>ליטר</UnitMeasure>
      <BisWeighted>0</BisWeighted>
      <QtyInPackage>1</QtyInPackage>
      <ItemPrice>10.30</ItemPrice>
      <UnitOfMeasurePrice>6.87</UnitOfMeasurePrice>
      <AllowDiscount>1</AllowDiscount>
      <itemStatus>1</itemStatus>
      <LastUpdateDate />
      <LastUpdateTime />
    </Product>
    <Product>
      <PriceUpdateDate>2019/04/15 13:48</PriceUpdateDate>
      <ItemCode>7290002663812</ItemCode>
      <ItemType>1</ItemType>
      <ItemName>גי נג ר אייל</ItemName>
      <ManufactureName>יפאורה שותפות מוגבלת לשיווק</ManufactureName>
      <ManufactureCountry />
      <ManufactureItemDescription />
      <UnitQty>י"ח</UnitQty>
      <Quantity>1.50</Quantity>
      <UnitMeasure>ליטר</UnitMeasure>
      <BisWeighted>0</BisWeighted>
      <QtyInPackage>1</QtyInPackage>
      <ItemPrice>10.30</ItemPrice>
      <UnitOfMeasurePrice>6.87</UnitOfMeasurePrice>
      <AllowDiscount>1</AllowDiscount>
      <itemStatus>1</itemStatus>
      <LastUpdateDate />
      <LastUpdateTime />
    </Product>
    <Product>
      <PriceUpdateDate>2018/10/18 21:54</PriceUpdateDate>
      <ItemCode>7290002692478</ItemCode>
      <ItemType>1</ItemType>
      <ItemName>שמן זית כתית עץ הזית  750 מ"ל</ItemName>
      <ManufactureName>שמן תעשיות בעמ</ManufactureName>
      <ManufactureCountry />
      <ManufactureItemDescription />
      <UnitQty>י"ח</UnitQty>
      <Quantity>750</Quantity>
      <UnitMeasure>ל  מ"ל</UnitMeasure>
      <BisWeighted>0</BisWeighted>
      <QtyInPackage>1</QtyInPackage>
      <ItemPrice>33.90</ItemPrice>
      <UnitOfMeasurePrice>4.52</UnitOfMeasurePrice>
      <AllowDiscount>0</AllowDiscount>
      <itemStatus>1</itemStatus>
      <LastUpdateDate />
      <LastUpdateTime />
    </Product>
    <Product>
      <PriceUpdateDate>2018/02/15 11:38</PriceUpdateDate>
      <ItemCode>7290002692553</ItemCode>
      <ItemType>1</ItemType>
      <ItemName>זיתולה עץ הזית 750 מ"ל</ItemName>
      <ManufactureName>שמן תעשיות בעמ</ManufactureName>
      <ManufactureCountry />
      <ManufactureItemDescription />
      <UnitQty>י"ח</UnitQty>
      <Quantity>750</Quantity>
      <UnitMeasure>ל  מ"ל</UnitMeasure>
      <BisWeighted>0</BisWeighted>
      <QtyInPackage>1</QtyInPackage>
      <ItemPrice>13.90</ItemPrice>
      <UnitOfMeasurePrice>1.85</UnitOfMeasurePrice>
      <AllowDiscount>0</AllowDiscount>
      <itemStatus>1</itemStatus>
      <LastUpdateDate />
      <LastUpdateTime />
    </Product>
    <Product>
      <PriceUpdateDate>2019/05/19 12:31</PriceUpdateDate>
      <ItemCode>2692775</ItemCode>
      <ItemType>0</ItemType>
      <ItemName>תרסיס שמן קנולה  200מ"ל עץ הזית</ItemName>
      <ManufactureName>שמן תעשיות בעמ</ManufactureName>
      <ManufactureCountry />
      <ManufactureItemDescription />
      <UnitQty>י"ח</UnitQty>
      <Quantity>2</Quantity>
      <UnitMeasure>ליטר</UnitMeasure>
      <BisWeighted>0</BisWeighted>
      <QtyInPackage>1</QtyInPackage>
      <ItemPrice>15.90</ItemPrice>
      <UnitOfMeasurePrice>7.95</UnitOfMeasurePrice>
      <AllowDiscount>0</AllowDiscount>
      <itemStatus>1</itemStatus>
      <LastUpdateDate />
      <LastUpdateTime />
    </Product>
    <Product>
      <PriceUpdateDate>2019/05/19 12:31</PriceUpdateDate>
      <ItemCode>2692782</ItemCode>
      <ItemType>0</ItemType>
      <ItemName>תרסיס טעם זית כתית מעולה ללא תוספת גז1</ItemName>
      <ManufactureName>שמן תעשיות בעמ</ManufactureName>
      <ManufactureCountry />
      <ManufactureItemDescription />
      <UnitQty>י"ח</UnitQty>
      <Quantity>200</Quantity>
      <UnitMeasure>ל  מ"ל</UnitMeasure>
      <BisWeighted>0</BisWeighted>
      <QtyInPackage>1</QtyInPackage>
      <ItemPrice>15.90</ItemPrice>
      <UnitOfMeasurePrice>7.95</UnitOfMeasurePrice>
      <AllowDiscount>0</AllowDiscount>
      <itemStatus>1</itemStatus>
      <LastUpdateDate />
      <LastUpdateTime />
    </Product>
    <Product>
      <PriceUpdateDate>2020/01/05 14:25</PriceUpdateDate>
      <ItemCode>2697152</ItemCode>
      <ItemType>0</ItemType>
      <ItemName>לחם כוסמין מלא</ItemName>
      <ManufactureName>בראשית הלחם</ManufactureName>
      <ManufactureCountry />
      <ManufactureItemDescription />
      <UnitQty>י"ח</UnitQty>
      <Quantity>1.40</Quantity>
      <UnitMeasure>ק"ג</UnitMeasure>
      <BisWeighted>0</BisWeighted>
      <QtyInPackage>1</QtyInPackage>
      <ItemPrice>14.90</ItemPrice>
      <UnitOfMeasurePrice>10.64</UnitOfMeasurePrice>
      <AllowDiscount>0</AllowDiscount>
      <itemStatus>1</itemStatus>
      <LastUpdateDate />
      <LastUpdateTime />
    </Product>
    <Product>
      <PriceUpdateDate>2018/05/29 19:19</PriceUpdateDate>
      <ItemCode>7290002715375</ItemCode>
      <ItemType>1</ItemType>
      <ItemName>קבב  יווני]טיבונויל[</ItemName>
      <ManufactureName>נטו מלינדה סחר בעמ</ManufactureName>
      <ManufactureCountry />
      <ManufactureItemDescription />
      <UnitQty>י"ח</UnitQty>
      <Quantity>400</Quantity>
      <UnitMeasure>ל  גרם</UnitMeasure>
      <BisWeighted>0</BisWeighted>
      <QtyInPackage>1</QtyInPackage>
      <ItemPrice>20.90</ItemPrice>
      <UnitOfMeasurePrice>5.23</UnitOfMeasurePrice>
      <AllowDiscount>1</AllowDiscount>
      <itemStatus>1</itemStatus>
      <LastUpdateDate />
      <LastUpdateTime />
    </Product>
    <Product>
      <PriceUpdateDate>2013/12/23 14:26</PriceUpdateDate>
      <ItemCode>7290002715511</ItemCode>
      <ItemType>1</ItemType>
      <ItemName>מרק בשר מאג יק</ItemName>
      <ManufactureName>נטו מלינדה סחר בעמ</ManufactureName>
      <ManufactureCountry />
      <ManufactureItemDescription />
      <UnitQty>י"ח</UnitQty>
      <Quantity>70</Quantity>
      <UnitMeasure>ל  גרם</UnitMeasure>
      <BisWeighted>0</BisWeighted>
      <QtyInPackage>1</QtyInPackage>
      <ItemPrice>3.90</ItemPrice>
      <UnitOfMeasurePrice>5.57</UnitOfMeasurePrice>
      <AllowDiscount>1</AllowDiscount>
      <itemStatus>1</itemStatus>
      <LastUpdateDate />
      <LastUpdateTime />
    </Product>
    <Product>
      <PriceUpdateDate>2013/12/23 14:26</PriceUpdateDate>
      <ItemCode>7290002715528</ItemCode>
      <ItemType>1</ItemType>
      <ItemName>מרק ירקות בכוס</ItemName>
      <ManufactureName>נטו מלינדה סחר בעמ</ManufactureName>
      <ManufactureCountry />
      <ManufactureItemDescription />
      <UnitQty>י"ח</UnitQty>
      <Quantity>70</Quantity>
      <UnitMeasure>ל  גרם</UnitMeasure>
      <BisWeighted>0</BisWeighted>
      <QtyInPackage>1</QtyInPackage>
      <ItemPrice>3.90</ItemPrice>
      <UnitOfMeasurePrice>5.57</UnitOfMeasurePrice>
      <AllowDiscount>1</AllowDiscount>
      <itemStatus>1</itemStatus>
      <LastUpdateDate />
      <LastUpdateTime />
    </Product>
    <Product>
      <PriceUpdateDate>2013/12/23 14:12</PriceUpdateDate>
      <ItemCode>7290002715580</ItemCode>
      <ItemType>1</ItemType>
      <ItemName>מרק סיני בכוס</ItemName>
      <ManufactureName>נטו מלינדה סחר בעמ</ManufactureName>
      <ManufactureCountry />
      <ManufactureItemDescription />
      <UnitQty>י"ח</UnitQty>
      <Quantity>70</Quantity>
      <UnitMeasure>ל  גרם</UnitMeasure>
      <BisWeighted>0</BisWeighted>
      <QtyInPackage>1</QtyInPackage>
      <ItemPrice>3.90</ItemPrice>
      <UnitOfMeasurePrice>5.57</UnitOfMeasurePrice>
      <AllowDiscount>1</AllowDiscount>
      <itemStatus>1</itemStatus>
      <LastUpdateDate />
      <LastUpdateTime />
    </Product>
    <Product>
      <PriceUpdateDate>2016/10/31 12:16</PriceUpdateDate>
      <ItemCode>7290002730262</ItemCode>
      <ItemType>1</ItemType>
      <ItemName>פלמוליב נוזל כלים 750מ"ל</ItemName>
      <ManufactureName>ש.שסטוביץ בעמ</ManufactureName>
      <ManufactureCountry />
      <ManufactureItemDescription />
      <UnitQty>י"ח</UnitQty>
      <Quantity>750</Quantity>
      <UnitMeasure>ל  מ"ל</UnitMeasure>
      <BisWeighted>0</BisWeighted>
      <QtyInPackage>1</QtyInPackage>
      <ItemPrice>9.90</ItemPrice>
      <UnitOfMeasurePrice>1.32</UnitOfMeasurePrice>
      <AllowDiscount>1</AllowDiscount>
      <itemStatus>1</itemStatus>
      <LastUpdateDate />
      <LastUpdateTime />
    </Product>
    <Product>
      <PriceUpdateDate>2019/04/15 11:47</PriceUpdateDate>
      <ItemCode>7290002730675</ItemCode>
      <ItemType>1</ItemType>
      <ItemName>##קולגייט אדומה 100 מ"ל</ItemName>
      <ManufactureName>ש.שסטוביץ בעמ</ManufactureName>
      <ManufactureCountry />
      <ManufactureItemDescription />
      <UnitQty>י"ח</UnitQty>
      <Quantity>100</Quantity>
      <UnitMeasure>ל  מ"ל</UnitMeasure>
      <BisWeighted>0</BisWeighted>
      <QtyInPackage>1</QtyInPackage>
      <ItemPrice>10.90</ItemPrice>
      <UnitOfMeasurePrice>10.90</UnitOfMeasurePrice>
      <AllowDiscount>0</AllowDiscount>
      <itemStatus>1</itemStatus>
      <LastUpdateDate />
      <LastUpdateTime />
    </Product>
    <Product>
      <PriceUpdateDate>2016/05/26 13:53</PriceUpdateDate>
      <ItemCode>7290002730941</ItemCode>
      <ItemType>1</ItemType>
      <ItemName>בלונס צמר גפן</ItemName>
      <ManufactureName>ש.שסטוביץ בעמ</ManufactureName>
      <ManufactureCountry />
      <ManufactureItemDescription />
      <UnitQty>י"ח</UnitQty>
      <Quantity>100</Quantity>
      <UnitMeasure>ל  גרם</UnitMeasure>
      <BisWeighted>0</BisWeighted>
      <QtyInPackage>1</QtyInPackage>
      <ItemPrice>5.90</ItemPrice>
      <UnitOfMeasurePrice>5.90</UnitOfMeasurePrice>
      <AllowDiscount>0</AllowDiscount>
      <itemStatus>1</itemStatus>
      <LastUpdateDate />
      <LastUpdateTime />
    </Product>
    <Product>
      <PriceUpdateDate>2019/08/05 12:49</PriceUpdateDate>
      <ItemCode>2735731</ItemCode>
      <ItemType>0</ItemType>
      <ItemName>מלווח 700גר  המותג</ItemName>
      <ManufactureName>קפוא זן תעשיות מזון בעמ</ManufactureName>
      <ManufactureCountry />
      <ManufactureItemDescription />
      <UnitQty>י"ח</UnitQty>
      <Quantity>700</Quantity>
      <UnitMeasure>ל  גרם</UnitMeasure>
      <BisWeighted>0</BisWeighted>
      <QtyInPackage>1</QtyInPackage>
      <ItemPrice>12.90</ItemPrice>
      <UnitOfMeasurePrice>1.84</UnitOfMeasurePrice>
      <AllowDiscount>0</AllowDiscount>
      <itemStatus>1</itemStatus>
      <LastUpdateDate />
      <LastUpdateTime />
    </Product>
    <Product>
      <PriceUpdateDate>2018/06/08 09:59</PriceUpdateDate>
      <ItemCode>2735748</ItemCode>
      <ItemType>0</ItemType>
      <ItemName>ג`חנון אפוי 700גר  המותג</ItemName>
      <ManufactureName>קפוא זן תעשיות מזון בעמ</ManufactureName>
      <ManufactureCountry />
      <ManufactureItemDescription />
      <UnitQty>י"ח</UnitQty>
      <Quantity>700</Quantity>
      <UnitMeasure>ל  גרם</UnitMeasure>
      <BisWeighted>0</BisWeighted>
      <QtyInPackage>1</QtyInPackage>
      <ItemPrice>11.90</ItemPrice>
      <UnitOfMeasurePrice>1.70</UnitOfMeasurePrice>
      <AllowDiscount>0</AllowDiscount>
      <itemStatus>1</itemStatus>
      <LastUpdateDate />
      <LastUpdateTime />
    </Product>
    <Product>
      <PriceUpdateDate>2019/07/21 10:40</PriceUpdateDate>
      <ItemCode>2735755</ItemCode>
      <ItemType>0</ItemType>
      <ItemName>בצק עלים מרודד 1ק"ג  המותג</ItemName>
      <ManufactureName>קפוא זן תעשיות מזון בעמ</ManufactureName>
      <ManufactureCountry />
      <ManufactureItemDescription />
      <UnitQty>י"ח</UnitQty>
      <Quantity>1</Quantity>
      <UnitMeasure>ק"ג</UnitMeasure>
      <BisWeighted>0</BisWeighted>
      <QtyInPackage>1</QtyInPackage>
      <ItemPrice>13.90</ItemPrice>
      <UnitOfMeasurePrice>13.90</UnitOfMeasurePrice>
      <AllowDiscount>0</AllowDiscount>
      <itemStatus>1</itemStatus>
      <LastUpdateDate />
      <LastUpdateTime />
    </Product>
    <Product>
      <PriceUpdateDate>2016/05/05 13:10</PriceUpdateDate>
      <ItemCode>2739685</ItemCode>
      <ItemType>0</ItemType>
      <ItemName>נקניקיות מרגז  400גרם מוכן עטרה</ItemName>
      <ManufactureName>נטו מלינדה סחר בעמ</ManufactureName>
      <ManufactureCountry />
      <ManufactureItemDescription />
      <UnitQty>י"ח</UnitQty>
      <Quantity>400</Quantity>
      <UnitMeasure>ל  גרם</UnitMeasure>
      <BisWeighted>0</BisWeighted>
      <QtyInPackage>1</QtyInPackage>
      <ItemPrice>22.90</ItemPrice>
      <UnitOfMeasurePrice>5.73</UnitOfMeasurePrice>
      <AllowDiscount>0</AllowDiscount>
      <itemStatus>1</itemStatus>
      <LastUpdateDate />
      <LastUpdateTime />
    </Product>
    <Product>
      <PriceUpdateDate>2014/08/11 16:23</PriceUpdateDate>
      <ItemCode>7290002752332</ItemCode>
      <ItemType>1</ItemType>
      <ItemName>מנטוס גלילים</ItemName>
      <ManufactureName>ליימן שליסל</ManufactureName>
      <ManufactureCountry />
      <ManufactureItemDescription />
      <UnitQty>י"ח</UnitQty>
      <Quantity>37.50</Quantity>
      <UnitMeasure>ל  גרם</UnitMeasure>
      <BisWeighted>0</BisWeighted>
      <QtyInPackage>1</QtyInPackage>
      <ItemPrice>3.30</ItemPrice>
      <UnitOfMeasurePrice>8.80</UnitOfMeasurePrice>
      <AllowDiscount>0</AllowDiscount>
      <itemStatus>1</itemStatus>
      <LastUpdateDate />
      <LastUpdateTime />
    </Product>
    <Product>
      <PriceUpdateDate>2013/12/03 14:10</PriceUpdateDate>
      <ItemCode>7290002752493</ItemCode>
      <ItemType>1</ItemType>
      <ItemName>טיק טק רביעיות מנטה</ItemName>
      <ManufactureName>פרימיום - חברה לדברי מתיקה ולמ</ManufactureName>
      <ManufactureCountry />
      <ManufactureItemDescription />
      <UnitQty>י"ח</UnitQty>
      <Quantity>250</Quantity>
      <UnitMeasure>ל  גרם</UnitMeasure>
      <BisWeighted>0</BisWeighted>
      <QtyInPackage>1</QtyInPackage>
      <ItemPrice>11.40</ItemPrice>
      <UnitOfMeasurePrice>4.56</UnitOfMeasurePrice>
      <AllowDiscount>0</AllowDiscount>
      <itemStatus>1</itemStatus>
      <LastUpdateDate />
      <LastUpdateTime />
    </Product>
    <Product>
      <PriceUpdateDate>2013/12/03 14:59</PriceUpdateDate>
      <ItemCode>7290002753223</ItemCode>
      <ItemType>1</ItemType>
      <ItemName>טיק טק רביעיות תפוז</ItemName>
      <ManufactureName>פרימיום - חברה לדברי מתיקה ולמ</ManufactureName>
      <ManufactureCountry />
      <ManufactureItemDescription />
      <UnitQty>י"ח</UnitQty>
      <Quantity>250</Quantity>
      <UnitMeasure>ל  גרם</UnitMeasure>
      <BisWeighted>0</BisWeighted>
      <QtyInPackage>1</QtyInPackage>
      <ItemPrice>11.40</ItemPrice>
      <UnitOfMeasurePrice>4.56</UnitOfMeasurePrice>
      <AllowDiscount>0</AllowDiscount>
      <itemStatus>1</itemStatus>
      <LastUpdateDate />
      <LastUpdateTime />
    </Product>
    <Product>
      <PriceUpdateDate>2013/12/03 14:05</PriceUpdateDate>
      <ItemCode>7290002753995</ItemCode>
      <ItemType>1</ItemType>
      <ItemName>קישוטי שוקולד150ג</ItemName>
      <ManufactureName>ליימן שליסל</ManufactureName>
      <ManufactureCountry />
      <ManufactureItemDescription />
      <UnitQty>י"ח</UnitQty>
      <Quantity>150</Quantity>
      <UnitMeasure>ל  גרם</UnitMeasure>
      <BisWeighted>0</BisWeighted>
      <QtyInPackage>1</QtyInPackage>
      <ItemPrice>18.40</ItemPrice>
      <UnitOfMeasurePrice>12.27</UnitOfMeasurePrice>
      <AllowDiscount>0</AllowDiscount>
      <itemStatus>1</itemStatus>
      <LastUpdateDate />
      <LastUpdateTime />
    </Product>
    <Product>
      <PriceUpdateDate>2018/10/18 21:52</PriceUpdateDate>
      <ItemCode>2757139</ItemCode>
      <ItemType>0</ItemType>
      <ItemName>מלוואח 700 גר`שלושת האופים</ItemName>
      <ManufactureName>נטו מלינדה סחר בעמ</ManufactureName>
      <ManufactureCountry />
      <ManufactureItemDescription />
      <UnitQty>י"ח</UnitQty>
      <Quantity>700</Quantity>
      <UnitMeasure>ל  גרם</UnitMeasure>
      <BisWeighted>0</BisWeighted>
      <QtyInPackage>1</QtyInPackage>
      <ItemPrice>13.80</ItemPrice>
      <UnitOfMeasurePrice>1.97</UnitOfMeasurePrice>
      <AllowDiscount>1</AllowDiscount>
      <itemStatus>1</itemStatus>
      <LastUpdateDate />
      <LastUpdateTime />
    </Product>
    <Product>
      <PriceUpdateDate>2016/03/06 16:55</PriceUpdateDate>
      <ItemCode>2757528</ItemCode>
      <ItemType>0</ItemType>
      <ItemName>בורקס פילו תפו"א -500ג`</ItemName>
      <ManufactureName>נטו מלינדה סחר בעמ</ManufactureName>
      <ManufactureCountry />
      <ManufactureItemDescription />
      <UnitQty>י"ח</UnitQty>
      <Quantity>500</Quantity>
      <UnitMeasure>ל  גרם</UnitMeasure>
      <BisWeighted>0</BisWeighted>
      <QtyInPackage>1</QtyInPackage>
      <ItemPrice>19.90</ItemPrice>
      <UnitOfMeasurePrice>3.98</UnitOfMeasurePrice>
      <AllowDiscount>1</AllowDiscount>
      <itemStatus>1</itemStatus>
      <LastUpdateDate />
      <LastUpdateTime />
    </Product>
    <Product>
      <PriceUpdateDate>2018/05/29 19:13</PriceUpdateDate>
      <ItemCode>2757672</ItemCode>
      <ItemType>0</ItemType>
      <ItemName>המבורגר 400גר`</ItemName>
      <ManufactureName>נטו מלינדה סחר בעמ</ManufactureName>
      <ManufactureCountry />
      <ManufactureItemDescription />
      <UnitQty>י"ח</UnitQty>
      <Quantity>400</Quantity>
      <UnitMeasure>ל  גרם</UnitMeasure>
      <BisWeighted>0</BisWeighted>
      <QtyInPackage>1</QtyInPackage>
      <ItemPrice>12.90</ItemPrice>
      <UnitOfMeasurePrice>3.23</UnitOfMeasurePrice>
      <AllowDiscount>0</AllowDiscount>
      <itemStatus>1</itemStatus>
      <LastUpdateDate />
      <LastUpdateTime />
    </Product>
    <Product>
      <PriceUpdateDate>2019/07/14 09:05</PriceUpdateDate>
      <ItemCode>2757740</ItemCode>
      <ItemType>0</ItemType>
      <ItemName>בורקס תפו"א 700 ג`</ItemName>
      <ManufactureName>נטו מלינדה סחר בעמ</ManufactureName>
      <ManufactureCountry />
      <ManufactureItemDescription />
      <UnitQty>י"ח</UnitQty>
      <Quantity>700</Quantity>
      <UnitMeasure>ל  גרם</UnitMeasure>
      <BisWeighted>0</BisWeighted>
      <QtyInPackage>1</QtyInPackage>
      <ItemPrice>11.90</ItemPrice>
      <UnitOfMeasurePrice>1.70</UnitOfMeasurePrice>
      <AllowDiscount>1</AllowDiscount>
      <itemStatus>1</itemStatus>
      <LastUpdateDate />
      <LastUpdateTime />
    </Product>
    <Product>
      <PriceUpdateDate>2018/07/23 09:17</PriceUpdateDate>
      <ItemCode>7290002768043</ItemCode>
      <ItemType>1</ItemType>
      <ItemName>תאדנט מי פה ענק</ItemName>
      <ManufactureName>החב הדרומית לשיווק</ManufactureName>
      <ManufactureCountry />
      <ManufactureItemDescription />
      <UnitQty>י"ח</UnitQty>
      <Quantity>150</Quantity>
      <UnitMeasure>ל  מ"ל</UnitMeasure>
      <BisWeighted>0</BisWeighted>
      <QtyInPackage>1</QtyInPackage>
      <ItemPrice>13.90</ItemPrice>
      <UnitOfMeasurePrice>9.27</UnitOfMeasurePrice>
      <AllowDiscount>0</AllowDiscount>
      <itemStatus>1</itemStatus>
      <LastUpdateDate />
      <LastUpdateTime />
    </Product>
    <Product>
      <PriceUpdateDate>2013/10/31 17:08</PriceUpdateDate>
      <ItemCode>7290002782131</ItemCode>
      <ItemType>1</ItemType>
      <ItemName>דאודורנט ספריי פנינה</ItemName>
      <ManufactureName>פנינה רוזנבלום בעמ</ManufactureName>
      <ManufactureCountry />
      <ManufactureItemDescription />
      <UnitQty>י"ח</UnitQty>
      <Quantity>150</Quantity>
      <UnitMeasure>ל  מ"ל</UnitMeasure>
      <BisWeighted>0</BisWeighted>
      <QtyInPackage>1</QtyInPackage>
      <ItemPrice>23.90</ItemPrice>
      <UnitOfMeasurePrice>15.93</UnitOfMeasurePrice>
      <AllowDiscount>0</AllowDiscount>
      <itemStatus>1</itemStatus>
      <LastUpdateDate />
      <LastUpdateTime />
    </Product>
    <Product>
      <PriceUpdateDate>2013/10/31 17:08</PriceUpdateDate>
      <ItemCode>7290002782735</ItemCode>
      <ItemType>1</ItemType>
      <ItemName>דאודורנט לגבר פנינה</ItemName>
      <ManufactureName>פנינה רוזנבלום בעמ</ManufactureName>
      <ManufactureCountry />
      <ManufactureItemDescription />
      <UnitQty>י"ח</UnitQty>
      <Quantity>180</Quantity>
      <UnitMeasure>ל  מ"ל</UnitMeasure>
      <BisWeighted>0</BisWeighted>
      <QtyInPackage>1</QtyInPackage>
      <ItemPrice>16.90</ItemPrice>
      <UnitOfMeasurePrice>9.39</UnitOfMeasurePrice>
      <AllowDiscount>1</AllowDiscount>
      <itemStatus>1</itemStatus>
      <LastUpdateDate />
      <LastUpdateTime />
    </Product>
    <Product>
      <PriceUpdateDate>2018/05/15 16:13</PriceUpdateDate>
      <ItemCode>7290002782759</ItemCode>
      <ItemType>1</ItemType>
      <ItemName>קרם גוף פ. רוזנבלום מס 2</ItemName>
      <ManufactureName>פנינה רוזנבלום בעמ</ManufactureName>
      <ManufactureCountry />
      <ManufactureItemDescription />
      <UnitQty>י"ח</UnitQty>
      <Quantity>500</Quantity>
      <UnitMeasure>ל  מ"ל</UnitMeasure>
      <BisWeighted>0</BisWeighted>
      <QtyInPackage>1</QtyInPackage>
      <ItemPrice>22.90</ItemPrice>
      <UnitOfMeasurePrice>4.58</UnitOfMeasurePrice>
      <AllowDiscount>0</AllowDiscount>
      <itemStatus>1</itemStatus>
      <LastUpdateDate />
      <LastUpdateTime />
    </Product>
    <Product>
      <PriceUpdateDate>2016/06/02 11:04</PriceUpdateDate>
      <ItemCode>2787730</ItemCode>
      <ItemType>0</ItemType>
      <ItemName>שניצל דג ותירס  600 ג</ItemName>
      <ManufactureName>נטו מלינדה סחר בעמ</ManufactureName>
      <ManufactureCountry />
      <ManufactureItemDescription />
      <UnitQty>י"ח</UnitQty>
      <Quantity>600</Quantity>
      <UnitMeasure>ל  גרם</UnitMeasure>
      <BisWeighted>0</BisWeighted>
      <QtyInPackage>1</QtyInPackage>
      <ItemPrice>29.90</ItemPrice>
      <UnitOfMeasurePrice>4.98</UnitOfMeasurePrice>
      <AllowDiscount>0</AllowDiscount>
      <itemStatus>1</itemStatus>
      <LastUpdateDate />
      <LastUpdateTime />
    </Product>
    <Product>
      <PriceUpdateDate>2019/01/02 16:18</PriceUpdateDate>
      <ItemCode>2787884</ItemCode>
      <ItemType>0</ItemType>
      <ItemName>מקלות  בורקס פילו תפו"א 650גר`</ItemName>
      <ManufactureName>נטו מלינדה סחר בעמ</ManufactureName>
      <ManufactureCountry />
      <ManufactureItemDescription />
      <UnitQty>י"ח</UnitQty>
      <Quantity>650</Quantity>
      <UnitMeasure>ל  גרם</UnitMeasure>
      <BisWeighted>0</BisWeighted>
      <QtyInPackage>1</QtyInPackage>
      <ItemPrice>19.90</ItemPrice>
      <UnitOfMeasurePrice>3.06</UnitOfMeasurePrice>
      <AllowDiscount>1</AllowDiscount>
      <itemStatus>1</itemStatus>
      <LastUpdateDate />
      <LastUpdateTime />
    </Product>
    <Product>
      <PriceUpdateDate>2019/01/02 16:18</PriceUpdateDate>
      <ItemCode>2787891</ItemCode>
      <ItemType>0</ItemType>
      <ItemName>מקלות בורקס פילו תרד 650גר`</ItemName>
      <ManufactureName>נטו מלינדה סחר בעמ</ManufactureName>
      <ManufactureCountry />
      <ManufactureItemDescription />
      <UnitQty>י"ח</UnitQty>
      <Quantity>650</Quantity>
      <UnitMeasure>ל  גרם</UnitMeasure>
      <BisWeighted>0</BisWeighted>
      <QtyInPackage>1</QtyInPackage>
      <ItemPrice>19.90</ItemPrice>
      <UnitOfMeasurePrice>3.06</UnitOfMeasurePrice>
      <AllowDiscount>1</AllowDiscount>
      <itemStatus>1</itemStatus>
      <LastUpdateDate />
      <LastUpdateTime />
    </Product>
    <Product>
      <PriceUpdateDate>2020/03/19 14:25</PriceUpdateDate>
      <ItemCode>2804833</ItemCode>
      <ItemType>0</ItemType>
      <ItemName>סטייק פרגית קפוא דליקטסו חב"ד</ItemName>
      <ManufactureName>נטו מלינדה סחר בעמ</ManufactureName>
      <ManufactureCountry />
      <ManufactureItemDescription />
      <UnitQty>ק"ג</UnitQty>
      <Quantity>1</Quantity>
      <UnitMeasure />
      <BisWeighted>1</BisWeighted>
      <QtyInPackage>1</QtyInPackage>
      <ItemPrice>54.90</ItemPrice>
      <UnitOfMeasurePrice>54.90</UnitOfMeasurePrice>
      <AllowDiscount>0</AllowDiscount>
      <itemStatus>1</itemStatus>
      <LastUpdateDate />
      <LastUpdateTime />
    </Product>
    <Product>
      <PriceUpdateDate>2018/07/16 14:20</PriceUpdateDate>
      <ItemCode>7290002805151</ItemCode>
      <ItemType>1</ItemType>
      <ItemName>סיף נוזל רצפות סחלבים 4לי</ItemName>
      <ManufactureName>יוניליוור ישראל שיווק בעמ</ManufactureName>
      <ManufactureCountry />
      <ManufactureItemDescription />
      <UnitQty>י"ח</UnitQty>
      <Quantity>4</Quantity>
      <UnitMeasure>ליטר</UnitMeasure>
      <BisWeighted>0</BisWeighted>
      <QtyInPackage>1</QtyInPackage>
      <ItemPrice>19.90</ItemPrice>
      <UnitOfMeasurePrice>4.98</UnitOfMeasurePrice>
      <AllowDiscount>0</AllowDiscount>
      <itemStatus>1</itemStatus>
      <LastUpdateDate />
      <LastUpdateTime />
    </Product>
    <Product>
      <PriceUpdateDate>2018/03/26 12:07</PriceUpdateDate>
      <ItemCode>2812522</ItemCode>
      <ItemType>0</ItemType>
      <ItemName>פרלמנט ארוך RCB בודד</ItemName>
      <ManufactureName>פיליפ מוריס בעמ</ManufactureName>
      <ManufactureCountry />
      <ManufactureItemDescription />
      <UnitQty>י"ח</UnitQty>
      <Quantity>1</Quantity>
      <UnitMeasure />
      <BisWeighted>0</BisWeighted>
      <QtyInPackage>1</QtyInPackage>
      <ItemPrice>38.80</ItemPrice>
      <UnitOfMeasurePrice>38.80</UnitOfMeasurePrice>
      <AllowDiscount>0</AllowDiscount>
      <itemStatus>1</itemStatus>
      <LastUpdateDate />
      <LastUpdateTime />
    </Product>
    <Product>
      <PriceUpdateDate>2019/05/05 13:58</PriceUpdateDate>
      <ItemCode>7290002814016</ItemCode>
      <ItemType>1</ItemType>
      <ItemName>מסיר שמנים קר}סנט  מוריץ750 מ"ל</ItemName>
      <ManufactureName>קומפלקס כימיקלסבעמ ~~~</ManufactureName>
      <ManufactureCountry />
      <ManufactureItemDescription />
      <UnitQty>י"ח</UnitQty>
      <Quantity>750</Quantity>
      <UnitMeasure>ל  מ"ל</UnitMeasure>
      <BisWeighted>0</BisWeighted>
      <QtyInPackage>1</QtyInPackage>
      <ItemPrice>14.90</ItemPrice>
      <UnitOfMeasurePrice>1.99</UnitOfMeasurePrice>
      <AllowDiscount>0</AllowDiscount>
      <itemStatus>1</itemStatus>
      <LastUpdateDate />
      <LastUpdateTime />
    </Product>
    <Product>
      <PriceUpdateDate>2020/02/23 11:12</PriceUpdateDate>
      <ItemCode>7290002814054</ItemCode>
      <ItemType>1</ItemType>
      <ItemName>אנטרטיק 1 ליטר מרסס</ItemName>
      <ManufactureName>קומפלקס כימיקלסבעמ ~~~</ManufactureName>
      <ManufactureCountry />
      <ManufactureItemDescription />
      <UnitQty>י"ח</UnitQty>
      <Quantity>1</Quantity>
      <UnitMeasure>ליטר</UnitMeasure>
      <BisWeighted>0</BisWeighted>
      <QtyInPackage>1</QtyInPackage>
      <ItemPrice>11.90</ItemPrice>
      <UnitOfMeasurePrice>11.90</UnitOfMeasurePrice>
      <AllowDiscount>0</AllowDiscount>
      <itemStatus>1</itemStatus>
      <LastUpdateDate />
      <LastUpdateTime />
    </Product>
    <Product>
      <PriceUpdateDate>2020/02/09 11:43</PriceUpdateDate>
      <ItemCode>2814245</ItemCode>
      <ItemType>0</ItemType>
      <ItemName>מגבונים לחים אקונומיקה בדלי 400יח</ItemName>
      <ManufactureName>קומפלקס כימיקלסבעמ ~~~</ManufactureName>
      <ManufactureCountry />
      <ManufactureItemDescription />
      <UnitQty>י"ח</UnitQty>
      <Quantity>1</Quantity>
      <UnitMeasure />
      <BisWeighted>0</BisWeighted>
      <QtyInPackage>1</QtyInPackage>
      <ItemPrice>26.90</ItemPrice>
      <UnitOfMeasurePrice>26.90</UnitOfMeasurePrice>
      <AllowDiscount>0</AllowDiscount>
      <itemStatus>1</itemStatus>
      <LastUpdateDate />
      <LastUpdateTime />
    </Product>
    <Product>
      <PriceUpdateDate>2017/05/03 12:55</PriceUpdateDate>
      <ItemCode>2814849</ItemCode>
      <ItemType>0</ItemType>
      <ItemName>סבון אסלה מרוכז 1/3</ItemName>
      <ManufactureName>קומפלקס כימיקלסבעמ ~~~</ManufactureName>
      <ManufactureCountry />
      <ManufactureItemDescription />
      <UnitQty>י"ח</UnitQty>
      <Quantity>3</Quantity>
      <UnitMeasure>י"ח</UnitMeasure>
      <BisWeighted>0</BisWeighted>
      <QtyInPackage>1</QtyInPackage>
      <ItemPrice>11.90</ItemPrice>
      <UnitOfMeasurePrice>3.97</UnitOfMeasurePrice>
      <AllowDiscount>0</AllowDiscount>
      <itemStatus>1</itemStatus>
      <LastUpdateDate />
      <LastUpdateTime />
    </Product>
    <Product>
      <PriceUpdateDate>2019/06/16 11:21</PriceUpdateDate>
      <ItemCode>7290002824183</ItemCode>
      <ItemType>1</ItemType>
      <ItemName>גבינה סקי 5% 500 גרם*</ItemName>
      <ManufactureName>שטראוס גרופ ***בעמ</ManufactureName>
      <ManufactureCountry />
      <ManufactureItemDescription />
      <UnitQty>י"ח</UnitQty>
      <Quantity>500</Quantity>
      <UnitMeasure>ל  גרם</UnitMeasure>
      <BisWeighted>0</BisWeighted>
      <QtyInPackage>1</QtyInPackage>
      <ItemPrice>9.50</ItemPrice>
      <UnitOfMeasurePrice>1.90</UnitOfMeasurePrice>
      <AllowDiscount>0</AllowDiscount>
      <itemStatus>1</itemStatus>
      <LastUpdateDate />
      <LastUpdateTime />
    </Product>
    <Product>
      <PriceUpdateDate>2014/01/30 15:23</PriceUpdateDate>
      <ItemCode>7290002824466</ItemCode>
      <ItemType>1</ItemType>
      <ItemName>דנונה ביו  %0 שומן</ItemName>
      <ManufactureName>שטראוס גרופ ***בעמ</ManufactureName>
      <ManufactureCountry />
      <ManufactureItemDescription />
      <UnitQty>י"ח</UnitQty>
      <Quantity>200</Quantity>
      <UnitMeasure>ל  מ"ל</UnitMeasure>
      <BisWeighted>0</BisWeighted>
      <QtyInPackage>1</QtyInPackage>
      <ItemPrice>3.50</ItemPrice>
      <UnitOfMeasurePrice>1.75</UnitOfMeasurePrice>
      <AllowDiscount>0</AllowDiscount>
      <itemStatus>1</itemStatus>
      <LastUpdateDate />
      <LastUpdateTime />
    </Product>
    <Product>
      <PriceUpdateDate>2019/06/16 11:21</PriceUpdateDate>
      <ItemCode>7290002824640</ItemCode>
      <ItemType>1</ItemType>
      <ItemName>גבינה סקי 5% 250  גרם*</ItemName>
      <ManufactureName>שטראוס גרופ ***בעמ</ManufactureName>
      <ManufactureCountry />
      <ManufactureItemDescription />
      <UnitQty>י"ח</UnitQty>
      <Quantity>250</Quantity>
      <UnitMeasure>ל  גרם</UnitMeasure>
      <BisWeighted>0</BisWeighted>
      <QtyInPackage>1</QtyInPackage>
      <ItemPrice>4.75</ItemPrice>
      <UnitOfMeasurePrice>1.90</UnitOfMeasurePrice>
      <AllowDiscount>0</AllowDiscount>
      <itemStatus>1</itemStatus>
      <LastUpdateDate />
      <LastUpdateTime />
    </Product>
    <Product>
      <PriceUpdateDate>2013/12/24 15:18</PriceUpdateDate>
      <ItemCode>7290002825722</ItemCode>
      <ItemType>1</ItemType>
      <ItemName>סלט כרוב אדום שטראוס 500גרם</ItemName>
      <ManufactureName>שטראוס גרופ ***בעמ</ManufactureName>
      <ManufactureCountry />
      <ManufactureItemDescription />
      <UnitQty>י"ח</UnitQty>
      <Quantity>500</Quantity>
      <UnitMeasure>ל  גרם</UnitMeasure>
      <BisWeighted>0</BisWeighted>
      <QtyInPackage>1</QtyInPackage>
      <ItemPrice>14</ItemPrice>
      <UnitOfMeasurePrice>2.80</UnitOfMeasurePrice>
      <AllowDiscount>0</AllowDiscount>
      <itemStatus>1</itemStatus>
      <LastUpdateDate />
      <LastUpdateTime />
    </Product>
    <Product>
      <PriceUpdateDate>2014/01/16 18:01</PriceUpdateDate>
      <ItemCode>2827627</ItemCode>
      <ItemType>0</ItemType>
      <ItemName>כבש לתנור ארוז קפוא מחפוד</ItemName>
      <ManufactureName>עוף ירושלים שיווק (עסקאות)</ManufactureName>
      <ManufactureCountry />
      <ManufactureItemDescription />
      <UnitQty>ק"ג</UnitQty>
      <Quantity>1</Quantity>
      <UnitMeasure>ק"ג</UnitMeasure>
      <BisWeighted>1</BisWeighted>
      <QtyInPackage>1</QtyInPackage>
      <ItemPrice>40</ItemPrice>
      <UnitOfMeasurePrice>40</UnitOfMeasurePrice>
      <AllowDiscount>0</AllowDiscount>
      <itemStatus>1</itemStatus>
      <LastUpdateDate />
      <LastUpdateTime />
    </Product>
    <Product>
      <PriceUpdateDate>2018/10/07 17:48</PriceUpdateDate>
      <ItemCode>2830948</ItemCode>
      <ItemType>0</ItemType>
      <ItemName>גבינת מון בלאן עיזים 120גר`</ItemName>
      <ManufactureName>נטו מלינדה סחר בעמ</ManufactureName>
      <ManufactureCountry />
      <ManufactureItemDescription />
      <UnitQty>י"ח</UnitQty>
      <Quantity>120</Quantity>
      <UnitMeasure>ל  גרם</UnitMeasure>
      <BisWeighted>0</BisWeighted>
      <QtyInPackage>1</QtyInPackage>
      <ItemPrice>10.90</ItemPrice>
      <UnitOfMeasurePrice>9.08</UnitOfMeasurePrice>
      <AllowDiscount>1</AllowDiscount>
      <itemStatus>1</itemStatus>
      <LastUpdateDate />
      <LastUpdateTime />
    </Product>
    <Product>
      <PriceUpdateDate>2014/01/08 08:35</PriceUpdateDate>
      <ItemCode>7290002862079</ItemCode>
      <ItemType>1</ItemType>
      <ItemName>הריסה משקל בידאני</ItemName>
      <ManufactureName>בידאני נתן</ManufactureName>
      <ManufactureCountry />
      <ManufactureItemDescription />
      <UnitQty>ק"ג</UnitQty>
      <Quantity>1</Quantity>
      <UnitMeasure />
      <BisWeighted>1</BisWeighted>
      <QtyInPackage>1</QtyInPackage>
      <ItemPrice>45</ItemPrice>
      <UnitOfMeasurePrice>45</UnitOfMeasurePrice>
      <AllowDiscount>0</AllowDiscount>
      <itemStatus>1</itemStatus>
      <LastUpdateDate />
      <LastUpdateTime />
    </Product>
    <Product>
      <PriceUpdateDate>2014/01/08 08:42</PriceUpdateDate>
      <ItemCode>2862080</ItemCode>
      <ItemType>0</ItemType>
      <ItemName>לימון ארוז</ItemName>
      <ManufactureName>בידאני נתן</ManufactureName>
      <ManufactureCountry />
      <ManufactureItemDescription />
      <UnitQty>ק"ג</UnitQty>
      <Quantity>1</Quantity>
      <UnitMeasure />
      <BisWeighted>1</BisWeighted>
      <QtyInPackage>1</QtyInPackage>
      <ItemPrice>23</ItemPrice>
      <UnitOfMeasurePrice>23</UnitOfMeasurePrice>
      <AllowDiscount>0</AllowDiscount>
      <itemStatus>1</itemStatus>
      <LastUpdateDate />
      <LastUpdateTime />
    </Product>
    <Product>
      <PriceUpdateDate>2019/08/14 16:01</PriceUpdateDate>
      <ItemCode>2862109</ItemCode>
      <ItemType>0</ItemType>
      <ItemName>פרורי לחם מוזהבים 400גר</ItemName>
      <ManufactureName>הררית הגליל תעשיות מזון בעמ</ManufactureName>
      <ManufactureCountry />
      <ManufactureItemDescription />
      <UnitQty>י"ח</UnitQty>
      <Quantity>400</Quantity>
      <UnitMeasure>ל  גרם</UnitMeasure>
      <BisWeighted>0</BisWeighted>
      <QtyInPackage>1</QtyInPackage>
      <ItemPrice>5.90</ItemPrice>
      <UnitOfMeasurePrice>1.48</UnitOfMeasurePrice>
      <AllowDiscount>0</AllowDiscount>
      <itemStatus>1</itemStatus>
      <LastUpdateDate />
      <LastUpdateTime />
    </Product>
    <Product>
      <PriceUpdateDate>2017/07/11 08:57</PriceUpdateDate>
      <ItemCode>2862222</ItemCode>
      <ItemType>0</ItemType>
      <ItemName>פרורי לחם רגילים 1ק"ג</ItemName>
      <ManufactureName>הררית הגליל תעשיות מזון בעמ</ManufactureName>
      <ManufactureCountry />
      <ManufactureItemDescription />
      <UnitQty>י"ח</UnitQty>
      <Quantity>1</Quantity>
      <UnitMeasure>ק"ג</UnitMeasure>
      <BisWeighted>0</BisWeighted>
      <QtyInPackage>1</QtyInPackage>
      <ItemPrice>9.90</ItemPrice>
      <UnitOfMeasurePrice>9.90</UnitOfMeasurePrice>
      <AllowDiscount>0</AllowDiscount>
      <itemStatus>1</itemStatus>
      <LastUpdateDate />
      <LastUpdateTime />
    </Product>
    <Product>
      <PriceUpdateDate>2018/01/16 14:38</PriceUpdateDate>
      <ItemCode>7290002862253</ItemCode>
      <ItemType>1</ItemType>
      <ItemName>פרורי לחם מוזהבים 200גר הררית</ItemName>
      <ManufactureName>הררית הגליל תעשיות מזון בעמ</ManufactureName>
      <ManufactureCountry />
      <ManufactureItemDescription />
      <UnitQty>י"ח</UnitQty>
      <Quantity>200</Quantity>
      <UnitMeasure>ל  גרם</UnitMeasure>
      <BisWeighted>0</BisWeighted>
      <QtyInPackage>1</QtyInPackage>
      <ItemPrice>2.90</ItemPrice>
      <UnitOfMeasurePrice>1.45</UnitOfMeasurePrice>
      <AllowDiscount>0</AllowDiscount>
      <itemStatus>1</itemStatus>
      <LastUpdateDate />
      <LastUpdateTime />
    </Product>
    <Product>
      <PriceUpdateDate>2018/01/16 14:39</PriceUpdateDate>
      <ItemCode>2862413</ItemCode>
      <ItemType>0</ItemType>
      <ItemName>פרורי לחם לבנים 200גר</ItemName>
      <ManufactureName>הררית הגליל תעשיות מזון בעמ</ManufactureName>
      <ManufactureCountry />
      <ManufactureItemDescription />
      <UnitQty>י"ח</UnitQty>
      <Quantity>200</Quantity>
      <UnitMeasure>ל  גרם</UnitMeasure>
      <BisWeighted>0</BisWeighted>
      <QtyInPackage>1</QtyInPackage>
      <ItemPrice>2.90</ItemPrice>
      <UnitOfMeasurePrice>1.45</UnitOfMeasurePrice>
      <AllowDiscount>0</AllowDiscount>
      <itemStatus>1</itemStatus>
      <LastUpdateDate />
      <LastUpdateTime />
    </Product>
    <Product>
      <PriceUpdateDate>2018/10/10 18:04</PriceUpdateDate>
      <ItemCode>2862444</ItemCode>
      <ItemType>0</ItemType>
      <ItemName>פרורי לחם מוזהבים 1ק"ג</ItemName>
      <ManufactureName>הררית הגליל תעשיות מזון בעמ</ManufactureName>
      <ManufactureCountry />
      <ManufactureItemDescription />
      <UnitQty>י"ח</UnitQty>
      <Quantity>1</Quantity>
      <UnitMeasure>ק"ג</UnitMeasure>
      <BisWeighted>0</BisWeighted>
      <QtyInPackage>1</QtyInPackage>
      <ItemPrice>11.90</ItemPrice>
      <UnitOfMeasurePrice>11.90</UnitOfMeasurePrice>
      <AllowDiscount>0</AllowDiscount>
      <itemStatus>1</itemStatus>
      <LastUpdateDate />
      <LastUpdateTime />
    </Product>
    <Product>
      <PriceUpdateDate>2018/12/11 15:43</PriceUpdateDate>
      <ItemCode>2871248</ItemCode>
      <ItemType>0</ItemType>
      <ItemName>טובורג רד 500 חוזר</ItemName>
      <ManufactureName>חברה המרכזית להפצת משקאות בעמ</ManufactureName>
      <ManufactureCountry />
      <ManufactureItemDescription />
      <UnitQty>י"ח</UnitQty>
      <Quantity>500</Quantity>
      <UnitMeasure>ל  מ"ל</UnitMeasure>
      <BisWeighted>0</BisWeighted>
      <QtyInPackage>1</QtyInPackage>
      <ItemPrice>8.20</ItemPrice>
      <UnitOfMeasurePrice>1.40</UnitOfMeasurePrice>
      <AllowDiscount>0</AllowDiscount>
      <itemStatus>1</itemStatus>
      <LastUpdateDate />
      <LastUpdateTime />
    </Product>
    <Product>
      <PriceUpdateDate>2018/12/11 15:43</PriceUpdateDate>
      <ItemCode>2871361</ItemCode>
      <ItemType>0</ItemType>
      <ItemName>קרלסברג  בירה 500 חוזר</ItemName>
      <ManufactureName>חברה המרכזית להפצת משקאות בעמ</ManufactureName>
      <ManufactureCountry />
      <ManufactureItemDescription />
      <UnitQty>י"ח</UnitQty>
      <Quantity>500</Quantity>
      <UnitMeasure>ל  מ"ל</UnitMeasure>
      <BisWeighted>0</BisWeighted>
      <QtyInPackage>1</QtyInPackage>
      <ItemPrice>8.20</ItemPrice>
      <UnitOfMeasurePrice>1.40</UnitOfMeasurePrice>
      <AllowDiscount>0</AllowDiscount>
      <itemStatus>1</itemStatus>
      <LastUpdateDate />
      <LastUpdateTime />
    </Product>
    <Product>
      <PriceUpdateDate>2018/11/27 10:01</PriceUpdateDate>
      <ItemCode>7290002871446</ItemCode>
      <ItemType>1</ItemType>
      <ItemName>פריגת ענבים 1.5 ליטר</ItemName>
      <ManufactureName>חברה המרכזית להפצת משקאות בעמ</ManufactureName>
      <ManufactureCountry />
      <ManufactureItemDescription />
      <UnitQty>י"ח</UnitQty>
      <Quantity>1.50</Quantity>
      <UnitMeasure>ליטר</UnitMeasure>
      <BisWeighted>0</BisWeighted>
      <QtyInPackage>1</QtyInPackage>
      <ItemPrice>6.90</ItemPrice>
      <UnitOfMeasurePrice>4.60</UnitOfMeasurePrice>
      <AllowDiscount>1</AllowDiscount>
      <itemStatus>1</itemStatus>
      <LastUpdateDate />
      <LastUpdateTime />
    </Product>
    <Product>
      <PriceUpdateDate>2018/11/27 10:01</PriceUpdateDate>
      <ItemCode>7290002871460</ItemCode>
      <ItemType>1</ItemType>
      <ItemName>פריגת תפוזים 1.5 ליטר</ItemName>
      <ManufactureName>חברה המרכזית להפצת משקאות בעמ</ManufactureName>
      <ManufactureCountry />
      <ManufactureItemDescription />
      <UnitQty>י"ח</UnitQty>
      <Quantity>1.50</Quantity>
      <UnitMeasure>ליטר</UnitMeasure>
      <BisWeighted>0</BisWeighted>
      <QtyInPackage>1</QtyInPackage>
      <ItemPrice>6.90</ItemPrice>
      <UnitOfMeasurePrice>4.60</UnitOfMeasurePrice>
      <AllowDiscount>1</AllowDiscount>
      <itemStatus>1</itemStatus>
      <LastUpdateDate />
      <LastUpdateTime />
    </Product>
    <Product>
      <PriceUpdateDate>2018/11/27 10:01</PriceUpdateDate>
      <ItemCode>7290002871477</ItemCode>
      <ItemType>1</ItemType>
      <ItemName>פריגת 1.5 ליטר אשכוליות פחות סוכר</ItemName>
      <ManufactureName>חברה המרכזית להפצת משקאות בעמ</ManufactureName>
      <ManufactureCountry />
      <ManufactureItemDescription />
      <UnitQty>י"ח</UnitQty>
      <Quantity>1.50</Quantity>
      <UnitMeasure>ליטר</UnitMeasure>
      <BisWeighted>0</BisWeighted>
      <QtyInPackage>1</QtyInPackage>
      <ItemPrice>6.90</ItemPrice>
      <UnitOfMeasurePrice>4.60</UnitOfMeasurePrice>
      <AllowDiscount>1</AllowDiscount>
      <itemStatus>1</itemStatus>
      <LastUpdateDate />
      <LastUpdateTime />
    </Product>
    <Product>
      <PriceUpdateDate>2018/11/27 10:01</PriceUpdateDate>
      <ItemCode>7290002871484</ItemCode>
      <ItemType>1</ItemType>
      <ItemName>פריגת דיאט 1.5 ל</ItemName>
      <ManufactureName>חברה המרכזית להפצת משקאות בעמ</ManufactureName>
      <ManufactureCountry />
      <ManufactureItemDescription />
      <UnitQty>י"ח</UnitQty>
      <Quantity>1.50</Quantity>
      <UnitMeasure>ליטר</UnitMeasure>
      <BisWeighted>0</BisWeighted>
      <QtyInPackage>1</QtyInPackage>
      <ItemPrice>6.90</ItemPrice>
      <UnitOfMeasurePrice>4.60</UnitOfMeasurePrice>
      <AllowDiscount>1</AllowDiscount>
      <itemStatus>1</itemStatus>
      <LastUpdateDate />
      <LastUpdateTime />
    </Product>
    <Product>
      <PriceUpdateDate>2018/11/27 10:01</PriceUpdateDate>
      <ItemCode>7290002871491</ItemCode>
      <ItemType>1</ItemType>
      <ItemName>פריגת דיאט אשכוליות 1.5</ItemName>
      <ManufactureName>חברה המרכזית להפצת משקאות בעמ</ManufactureName>
      <ManufactureCountry />
      <ManufactureItemDescription />
      <UnitQty>י"ח</UnitQty>
      <Quantity>1.50</Quantity>
      <UnitMeasure>ליטר</UnitMeasure>
      <BisWeighted>0</BisWeighted>
      <QtyInPackage>1</QtyInPackage>
      <ItemPrice>6.90</ItemPrice>
      <UnitOfMeasurePrice>4.60</UnitOfMeasurePrice>
      <AllowDiscount>1</AllowDiscount>
      <itemStatus>1</itemStatus>
      <LastUpdateDate />
      <LastUpdateTime />
    </Product>
    <Product>
      <PriceUpdateDate>2018/03/26 12:07</PriceUpdateDate>
      <ItemCode>2876326</ItemCode>
      <ItemType>0</ItemType>
      <ItemName>פרלמנט קצר בלו בודד</ItemName>
      <ManufactureName>פיליפ מוריס בעמ</ManufactureName>
      <ManufactureCountry />
      <ManufactureItemDescription />
      <UnitQty>י"ח</UnitQty>
      <Quantity>1</Quantity>
      <UnitMeasure />
      <BisWeighted>0</BisWeighted>
      <QtyInPackage>1</QtyInPackage>
      <ItemPrice>38.80</ItemPrice>
      <UnitOfMeasurePrice>38.80</UnitOfMeasurePrice>
      <AllowDiscount>0</AllowDiscount>
      <itemStatus>1</itemStatus>
      <LastUpdateDate />
      <LastUpdateTime />
    </Product>
    <Product>
      <PriceUpdateDate>2020/03/15 19:39</PriceUpdateDate>
      <ItemCode>7290002881018</ItemCode>
      <ItemType>1</ItemType>
      <ItemName>מעדן תות שדה 100%</ItemName>
      <ManufactureName>תומר יבוא ושיווק מזון</ManufactureName>
      <ManufactureCountry />
      <ManufactureItemDescription />
      <UnitQty>י"ח</UnitQty>
      <Quantity>284</Quantity>
      <UnitMeasure>ל  גרם</UnitMeasure>
      <BisWeighted>0</BisWeighted>
      <QtyInPackage>1</QtyInPackage>
      <ItemPrice>10.90</ItemPrice>
      <UnitOfMeasurePrice>3.84</UnitOfMeasurePrice>
      <AllowDiscount>0</AllowDiscount>
      <itemStatus>1</itemStatus>
      <LastUpdateDate />
      <LastUpdateTime />
    </Product>
    <Product>
      <PriceUpdateDate>2019/07/29 07:34</PriceUpdateDate>
      <ItemCode>2881920</ItemCode>
      <ItemType>0</ItemType>
      <ItemName>מלבורו גולד ארוך בודד</ItemName>
      <ManufactureName>פיליפ מוריס בעמ</ManufactureName>
      <ManufactureCountry />
      <ManufactureItemDescription />
      <UnitQty>י"ח</UnitQty>
      <Quantity>1</Quantity>
      <UnitMeasure />
      <BisWeighted>0</BisWeighted>
      <QtyInPackage>1</QtyInPackage>
      <ItemPrice>33.90</ItemPrice>
      <UnitOfMeasurePrice>33.90</UnitOfMeasurePrice>
      <AllowDiscount>0</AllowDiscount>
      <itemStatus>1</itemStatus>
      <LastUpdateDate />
      <LastUpdateTime />
    </Product>
    <Product>
      <PriceUpdateDate>2018/06/10 10:46</PriceUpdateDate>
      <ItemCode>2900313</ItemCode>
      <ItemType>0</ItemType>
      <ItemName>פסטרמה ספרדית{טירת  צבי}</ItemName>
      <ManufactureName>תנובה בשר</ManufactureName>
      <ManufactureCountry />
      <ManufactureItemDescription />
      <UnitQty>ק"ג</UnitQty>
      <Quantity>1</Quantity>
      <UnitMeasure />
      <BisWeighted>1</BisWeighted>
      <QtyInPackage>1</QtyInPackage>
      <ItemPrice>84.90</ItemPrice>
      <UnitOfMeasurePrice>84.90</UnitOfMeasurePrice>
      <AllowDiscount>0</AllowDiscount>
      <itemStatus>1</itemStatus>
      <LastUpdateDate />
      <LastUpdateTime />
    </Product>
    <Product>
      <PriceUpdateDate>2019/01/08 09:20</PriceUpdateDate>
      <ItemCode>2909804</ItemCode>
      <ItemType>0</ItemType>
      <ItemName>פילה   בקלה(מרלוזה)ארוז ללא עור</ItemName>
      <ManufactureName>בלדי בעמ</ManufactureName>
      <ManufactureCountry />
      <ManufactureItemDescription />
      <UnitQty>ק"ג</UnitQty>
      <Quantity>1</Quantity>
      <UnitMeasure>ק"ג</UnitMeasure>
      <BisWeighted>1</BisWeighted>
      <QtyInPackage>1</QtyInPackage>
      <ItemPrice>27.90</ItemPrice>
      <UnitOfMeasurePrice>27.90</UnitOfMeasurePrice>
      <AllowDiscount>0</AllowDiscount>
      <itemStatus>1</itemStatus>
      <LastUpdateDate />
      <LastUpdateTime />
    </Product>
    <Product>
      <PriceUpdateDate>2019/11/20 11:58</PriceUpdateDate>
      <ItemCode>2909996</ItemCode>
      <ItemType>0</ItemType>
      <ItemName>שעועית צהובה שלמה 800ג קהילות רגיל וב</ItemName>
      <ManufactureName>בלדי בעמ</ManufactureName>
      <ManufactureCountry />
      <ManufactureItemDescription />
      <UnitQty>י"ח</UnitQty>
      <Quantity>800</Quantity>
      <UnitMeasure>ל  גרם</UnitMeasure>
      <BisWeighted>0</BisWeighted>
      <QtyInPackage>1</QtyInPackage>
      <ItemPrice>11.90</ItemPrice>
      <UnitOfMeasurePrice>1.49</UnitOfMeasurePrice>
      <AllowDiscount>1</AllowDiscount>
      <itemStatus>1</itemStatus>
      <LastUpdateDate />
      <LastUpdateTime />
    </Product>
    <Product>
      <PriceUpdateDate>2018/08/05 19:54</PriceUpdateDate>
      <ItemCode>2919179</ItemCode>
      <ItemType>0</ItemType>
      <ItemName>פילה אמנון ללא עור בלדי</ItemName>
      <ManufactureName>בלדי בעמ</ManufactureName>
      <ManufactureCountry />
      <ManufactureItemDescription />
      <UnitQty>ק"ג</UnitQty>
      <Quantity>1</Quantity>
      <UnitMeasure>ק"ג</UnitMeasure>
      <BisWeighted>1</BisWeighted>
      <QtyInPackage>1</QtyInPackage>
      <ItemPrice>42.90</ItemPrice>
      <UnitOfMeasurePrice>42.90</UnitOfMeasurePrice>
      <AllowDiscount>0</AllowDiscount>
      <itemStatus>1</itemStatus>
      <LastUpdateDate />
      <LastUpdateTime />
    </Product>
    <Product>
      <PriceUpdateDate>2018/09/12 11:06</PriceUpdateDate>
      <ItemCode>7290002930808</ItemCode>
      <ItemType>1</ItemType>
      <ItemName>רבע כבש עטרה קפוא</ItemName>
      <ManufactureName>נטו מלינדה סחר בעמ</ManufactureName>
      <ManufactureCountry />
      <ManufactureItemDescription />
      <UnitQty>ק"ג</UnitQty>
      <Quantity>1</Quantity>
      <UnitMeasure>ק"ג</UnitMeasure>
      <BisWeighted>1</BisWeighted>
      <QtyInPackage>1</QtyInPackage>
      <ItemPrice>79.90</ItemPrice>
      <UnitOfMeasurePrice>79.90</UnitOfMeasurePrice>
      <AllowDiscount>0</AllowDiscount>
      <itemStatus>1</itemStatus>
      <LastUpdateDate />
      <LastUpdateTime />
    </Product>
    <Product>
      <PriceUpdateDate>2019/04/02 19:06</PriceUpdateDate>
      <ItemCode>7290002939498</ItemCode>
      <ItemType>1</ItemType>
      <ItemName>שריר לא  מעובד עטרה מספר 8</ItemName>
      <ManufactureName>נטו מלינדה סחר בעמ</ManufactureName>
      <ManufactureCountry />
      <ManufactureItemDescription />
      <UnitQty>ק"ג</UnitQty>
      <Quantity>1</Quantity>
      <UnitMeasure>ק"ג</UnitMeasure>
      <BisWeighted>1</BisWeighted>
      <QtyInPackage>1</QtyInPackage>
      <ItemPrice>49.90</ItemPrice>
      <UnitOfMeasurePrice>49.90</UnitOfMeasurePrice>
      <AllowDiscount>0</AllowDiscount>
      <itemStatus>1</itemStatus>
      <LastUpdateDate />
      <LastUpdateTime />
    </Product>
    <Product>
      <PriceUpdateDate>2019/11/21 10:21</PriceUpdateDate>
      <ItemCode>2971955</ItemCode>
      <ItemType>0</ItemType>
      <ItemName>קמח לבן 650 ללא צורך בניפוי 1ק"ג</ItemName>
      <ManufactureName>ח.כהן סוכנות מזון ומשקאות בע</ManufactureName>
      <ManufactureCountry />
      <ManufactureItemDescription />
      <UnitQty>י"ח</UnitQty>
      <Quantity>1</Quantity>
      <UnitMeasure>ק"ג</UnitMeasure>
      <BisWeighted>0</BisWeighted>
      <QtyInPackage>1</QtyInPackage>
      <ItemPrice>8.90</ItemPrice>
      <UnitOfMeasurePrice>8.90</UnitOfMeasurePrice>
      <AllowDiscount>1</AllowDiscount>
      <itemStatus>1</itemStatus>
      <LastUpdateDate />
      <LastUpdateTime />
    </Product>
    <Product>
      <PriceUpdateDate>2016/11/23 11:26</PriceUpdateDate>
      <ItemCode>2971962</ItemCode>
      <ItemType>0</ItemType>
      <ItemName>קמח מלא 100% 1ק"ג  ללא צורך בניםוי</ItemName>
      <ManufactureName>ח.כהן סוכנות מזון ומשקאות בע</ManufactureName>
      <ManufactureCountry />
      <ManufactureItemDescription />
      <UnitQty>י"ח</UnitQty>
      <Quantity>1</Quantity>
      <UnitMeasure>ק"ג</UnitMeasure>
      <BisWeighted>0</BisWeighted>
      <QtyInPackage>1</QtyInPackage>
      <ItemPrice>8.90</ItemPrice>
      <UnitOfMeasurePrice>8.90</UnitOfMeasurePrice>
      <AllowDiscount>1</AllowDiscount>
      <itemStatus>1</itemStatus>
      <LastUpdateDate />
      <LastUpdateTime />
    </Product>
    <Product>
      <PriceUpdateDate>2017/02/14 14:29</PriceUpdateDate>
      <ItemCode>2971986</ItemCode>
      <ItemType>0</ItemType>
      <ItemName>קמח שיפון ללא צורך  בניפוי</ItemName>
      <ManufactureName>ח.כהן סוכנות מזון ומשקאות בע</ManufactureName>
      <ManufactureCountry />
      <ManufactureItemDescription />
      <UnitQty>י"ח</UnitQty>
      <Quantity>1</Quantity>
      <UnitMeasure>ק"ג</UnitMeasure>
      <BisWeighted>0</BisWeighted>
      <QtyInPackage>1</QtyInPackage>
      <ItemPrice>8.90</ItemPrice>
      <UnitOfMeasurePrice>8.90</UnitOfMeasurePrice>
      <AllowDiscount>1</AllowDiscount>
      <itemStatus>1</itemStatus>
      <LastUpdateDate />
      <LastUpdateTime />
    </Product>
    <Product>
      <PriceUpdateDate>2017/02/14 14:35</PriceUpdateDate>
      <ItemCode>2971993</ItemCode>
      <ItemType>0</ItemType>
      <ItemName>קמח כוסמין מלא ללא צורך  בניפוי</ItemName>
      <ManufactureName>ח.כהן סוכנות מזון ומשקאות בע</ManufactureName>
      <ManufactureCountry />
      <ManufactureItemDescription />
      <UnitQty>י"ח</UnitQty>
      <Quantity>1</Quantity>
      <UnitMeasure>ק"ג</UnitMeasure>
      <BisWeighted>0</BisWeighted>
      <QtyInPackage>1</QtyInPackage>
      <ItemPrice>14.90</ItemPrice>
      <UnitOfMeasurePrice>14.90</UnitOfMeasurePrice>
      <AllowDiscount>0</AllowDiscount>
      <itemStatus>1</itemStatus>
      <LastUpdateDate />
      <LastUpdateTime />
    </Product>
    <Product>
      <PriceUpdateDate>2019/11/21 10:21</PriceUpdateDate>
      <ItemCode>2972006</ItemCode>
      <ItemType>0</ItemType>
      <ItemName>קמח בהיר 405 ללא צורך בניפוי 1ק"ג</ItemName>
      <ManufactureName>ח.כהן סוכנות מזון ומשקאות בע</ManufactureName>
      <ManufactureCountry />
      <ManufactureItemDescription />
      <UnitQty>י"ח</UnitQty>
      <Quantity>1</Quantity>
      <UnitMeasure>ק"ג</UnitMeasure>
      <BisWeighted>0</BisWeighted>
      <QtyInPackage>1</QtyInPackage>
      <ItemPrice>8.90</ItemPrice>
      <UnitOfMeasurePrice>8.90</UnitOfMeasurePrice>
      <AllowDiscount>1</AllowDiscount>
      <itemStatus>1</itemStatus>
      <LastUpdateDate />
      <LastUpdateTime />
    </Product>
    <Product>
      <PriceUpdateDate>2018/07/18 08:44</PriceUpdateDate>
      <ItemCode>7290002987963</ItemCode>
      <ItemType>1</ItemType>
      <ItemName>חומוס אחלה 1 ק"ג שטראוס</ItemName>
      <ManufactureName>שטראוס גרופ ***בעמ</ManufactureName>
      <ManufactureCountry />
      <ManufactureItemDescription />
      <UnitQty>י"ח</UnitQty>
      <Quantity>1</Quantity>
      <UnitMeasure>ק"ג</UnitMeasure>
      <BisWeighted>0</BisWeighted>
      <QtyInPackage>1</QtyInPackage>
      <ItemPrice>14.90</ItemPrice>
      <UnitOfMeasurePrice>14.90</UnitOfMeasurePrice>
      <AllowDiscount>0</AllowDiscount>
      <itemStatus>1</itemStatus>
      <LastUpdateDate />
      <LastUpdateTime />
    </Product>
    <Product>
      <PriceUpdateDate>2013/12/03 14:08</PriceUpdateDate>
      <ItemCode>7290003009312</ItemCode>
      <ItemType>1</ItemType>
      <ItemName>בוטן קלוי 200 גרם שקית קליית גת</ItemName>
      <ManufactureName>ליימן שליסל</ManufactureName>
      <ManufactureCountry />
      <ManufactureItemDescription />
      <UnitQty>י"ח</UnitQty>
      <Quantity>200</Quantity>
      <UnitMeasure>ל  גרם</UnitMeasure>
      <BisWeighted>0</BisWeighted>
      <QtyInPackage>1</QtyInPackage>
      <ItemPrice>6.60</ItemPrice>
      <UnitOfMeasurePrice>3.30</UnitOfMeasurePrice>
      <AllowDiscount>0</AllowDiscount>
      <itemStatus>1</itemStatus>
      <LastUpdateDate />
      <LastUpdateTime />
    </Product>
    <Product>
      <PriceUpdateDate>2013/12/19 09:13</PriceUpdateDate>
      <ItemCode>7290003009596</ItemCode>
      <ItemType>1</ItemType>
      <ItemName>סירופ דיאט אשכולית 750</ItemName>
      <ManufactureName>חברה המרכזית להפצת משקאות בעמ</ManufactureName>
      <ManufactureCountry />
      <ManufactureItemDescription />
      <UnitQty>י"ח</UnitQty>
      <Quantity>750</Quantity>
      <UnitMeasure>ל  מ"ל</UnitMeasure>
      <BisWeighted>0</BisWeighted>
      <QtyInPackage>1</QtyInPackage>
      <ItemPrice>17</ItemPrice>
      <UnitOfMeasurePrice>2.27</UnitOfMeasurePrice>
      <AllowDiscount>0</AllowDiscount>
      <itemStatus>1</itemStatus>
      <LastUpdateDate />
      <LastUpdateTime />
    </Product>
    <Product>
      <PriceUpdateDate>2018/12/02 11:43</PriceUpdateDate>
      <ItemCode>7290003009619</ItemCode>
      <ItemType>1</ItemType>
      <ItemName>סירופ ענבים 1.5 ליטר</ItemName>
      <ManufactureName>חברה המרכזית להפצת משקאות בעמ</ManufactureName>
      <ManufactureCountry />
      <ManufactureItemDescription />
      <UnitQty>י"ח</UnitQty>
      <Quantity>1.50</Quantity>
      <UnitMeasure>ליטר</UnitMeasure>
      <BisWeighted>0</BisWeighted>
      <QtyInPackage>1</QtyInPackage>
      <ItemPrice>21.90</ItemPrice>
      <UnitOfMeasurePrice>14.60</UnitOfMeasurePrice>
      <AllowDiscount>1</AllowDiscount>
      <itemStatus>1</itemStatus>
      <LastUpdateDate />
      <LastUpdateTime />
    </Product>
    <Product>
      <PriceUpdateDate>2014/01/16 18:01</PriceUpdateDate>
      <ItemCode>7290003011438</ItemCode>
      <ItemType>1</ItemType>
      <ItemName>אננס חתוך 3 ק"ג</ItemName>
      <ManufactureName>קשת גיבורים - שיווק בעמ</ManufactureName>
      <ManufactureCountry />
      <ManufactureItemDescription />
      <UnitQty>י"ח</UnitQty>
      <Quantity>3</Quantity>
      <UnitMeasure>ק"ג</UnitMeasure>
      <BisWeighted>0</BisWeighted>
      <QtyInPackage>1</QtyInPackage>
      <ItemPrice>21.40</ItemPrice>
      <UnitOfMeasurePrice>7.13</UnitOfMeasurePrice>
      <AllowDiscount>0</AllowDiscount>
      <itemStatus>1</itemStatus>
      <LastUpdateDate />
      <LastUpdateTime />
    </Product>
    <Product>
      <PriceUpdateDate>2014/01/03 11:10</PriceUpdateDate>
      <ItemCode>7290003026029</ItemCode>
      <ItemType>1</ItemType>
      <ItemName>קמיל שמפו  סנסיטיב 500</ItemName>
      <ManufactureName>פישר תעשיות פרמבצטיות בעמ</ManufactureName>
      <ManufactureCountry />
      <ManufactureItemDescription />
      <UnitQty>י"ח</UnitQty>
      <Quantity>500</Quantity>
      <UnitMeasure>ל  מ"ל</UnitMeasure>
      <BisWeighted>0</BisWeighted>
      <QtyInPackage>1</QtyInPackage>
      <ItemPrice>19.20</ItemPrice>
      <UnitOfMeasurePrice>3.84</UnitOfMeasurePrice>
      <AllowDiscount>0</AllowDiscount>
      <itemStatus>1</itemStatus>
      <LastUpdateDate />
      <LastUpdateTime />
    </Product>
    <Product>
      <PriceUpdateDate>2014/01/03 10:45</PriceUpdateDate>
      <ItemCode>7290003026234</ItemCode>
      <ItemType>1</ItemType>
      <ItemName>תחליב גוף קמיל</ItemName>
      <ManufactureName>פישר תעשיות פרמבצטיות בעמ</ManufactureName>
      <ManufactureCountry />
      <ManufactureItemDescription />
      <UnitQty>י"ח</UnitQty>
      <Quantity>500</Quantity>
      <UnitMeasure>ל  מ"ל</UnitMeasure>
      <BisWeighted>0</BisWeighted>
      <QtyInPackage>1</QtyInPackage>
      <ItemPrice>32</ItemPrice>
      <UnitOfMeasurePrice>6.40</UnitOfMeasurePrice>
      <AllowDiscount>0</AllowDiscount>
      <itemStatus>1</itemStatus>
      <LastUpdateDate />
      <LastUpdateTime />
    </Product>
    <Product>
      <PriceUpdateDate>2016/06/08 12:45</PriceUpdateDate>
      <ItemCode>7290003026319</ItemCode>
      <ItemType>1</ItemType>
      <ItemName>קמיל פלוס משחה ל</ItemName>
      <ManufactureName>פישר תעשיות פרמבצטיות בעמ</ManufactureName>
      <ManufactureCountry />
      <ManufactureItemDescription />
      <UnitQty>י"ח</UnitQty>
      <Quantity>100</Quantity>
      <UnitMeasure>ל  גרם</UnitMeasure>
      <BisWeighted>0</BisWeighted>
      <QtyInPackage>1</QtyInPackage>
      <ItemPrice>18.90</ItemPrice>
      <UnitOfMeasurePrice>18.90</UnitOfMeasurePrice>
      <AllowDiscount>1</AllowDiscount>
      <itemStatus>1</itemStatus>
      <LastUpdateDate />
      <LastUpdateTime />
    </Product>
    <Product>
      <PriceUpdateDate>2014/12/31 15:21</PriceUpdateDate>
      <ItemCode>7290003029372</ItemCode>
      <ItemType>1</ItemType>
      <ItemName>משקה חלב בננה 1ליטר בקבוק יטבתה</ItemName>
      <ManufactureName>שטראוס גרופ ***בעמ</ManufactureName>
      <ManufactureCountry />
      <ManufactureItemDescription />
      <UnitQty>י"ח</UnitQty>
      <Quantity>1</Quantity>
      <UnitMeasure>ליטר</UnitMeasure>
      <BisWeighted>0</BisWeighted>
      <QtyInPackage>1</QtyInPackage>
      <ItemPrice>12</ItemPrice>
      <UnitOfMeasurePrice>12</UnitOfMeasurePrice>
      <AllowDiscount>0</AllowDiscount>
      <itemStatus>1</itemStatus>
      <LastUpdateDate />
      <LastUpdateTime />
    </Product>
    <Product>
      <PriceUpdateDate>2019/07/02 13:43</PriceUpdateDate>
      <ItemCode>7290003029389</ItemCode>
      <ItemType>1</ItemType>
      <ItemName>שוקו בטעם בננה יטבתה פקק 250מל.</ItemName>
      <ManufactureName>שטראוס גרופ ***בעמ</ManufactureName>
      <ManufactureCountry />
      <ManufactureItemDescription />
      <UnitQty>י"ח</UnitQty>
      <Quantity>250</Quantity>
      <UnitMeasure>ל  מ"ל</UnitMeasure>
      <BisWeighted>0</BisWeighted>
      <QtyInPackage>1</QtyInPackage>
      <ItemPrice>5.50</ItemPrice>
      <UnitOfMeasurePrice>2.20</UnitOfMeasurePrice>
      <AllowDiscount>0</AllowDiscount>
      <itemStatus>1</itemStatus>
      <LastUpdateDate />
      <LastUpdateTime />
    </Product>
    <Product>
      <PriceUpdateDate>2014/09/23 12:40</PriceUpdateDate>
      <ItemCode>7290003029433</ItemCode>
      <ItemType>1</ItemType>
      <ItemName>שוקו יטבתה בקבוק 250מ"ל מהדרין</ItemName>
      <ManufactureName>שטראוס גרופ ***בעמ</ManufactureName>
      <ManufactureCountry />
      <ManufactureItemDescription />
      <UnitQty>י"ח</UnitQty>
      <Quantity>250</Quantity>
      <UnitMeasure>ל  מ"ל</UnitMeasure>
      <BisWeighted>0</BisWeighted>
      <QtyInPackage>1</QtyInPackage>
      <ItemPrice>5.50</ItemPrice>
      <UnitOfMeasurePrice>2.20</UnitOfMeasurePrice>
      <AllowDiscount>0</AllowDiscount>
      <itemStatus>1</itemStatus>
      <LastUpdateDate />
      <LastUpdateTime />
    </Product>
    <Product>
      <PriceUpdateDate>2014/12/31 15:21</PriceUpdateDate>
      <ItemCode>7290003029532</ItemCode>
      <ItemType>1</ItemType>
      <ItemName>מוקה 1 ליטר יטבתה</ItemName>
      <ManufactureName>שטראוס גרופ ***בעמ</ManufactureName>
      <ManufactureCountry />
      <ManufactureItemDescription />
      <UnitQty>י"ח</UnitQty>
      <Quantity>1</Quantity>
      <UnitMeasure>ליטר</UnitMeasure>
      <BisWeighted>0</BisWeighted>
      <QtyInPackage>1</QtyInPackage>
      <ItemPrice>12</ItemPrice>
      <UnitOfMeasurePrice>12</UnitOfMeasurePrice>
      <AllowDiscount>0</AllowDiscount>
      <itemStatus>1</itemStatus>
      <LastUpdateDate />
      <LastUpdateTime />
    </Product>
    <Product>
      <PriceUpdateDate>2014/08/10 08:28</PriceUpdateDate>
      <ItemCode>7290003029617</ItemCode>
      <ItemType>1</ItemType>
      <ItemName>שמנת מנה אישית</ItemName>
      <ManufactureName>שטראוס גרופ ***בעמ</ManufactureName>
      <ManufactureCountry />
      <ManufactureItemDescription />
      <UnitQty>י"ח</UnitQty>
      <Quantity>125</Quantity>
      <UnitMeasure>ל  מ"ל</UnitMeasure>
      <BisWeighted>0</BisWeighted>
      <QtyInPackage>1</QtyInPackage>
      <ItemPrice>2</ItemPrice>
      <UnitOfMeasurePrice>1.60</UnitOfMeasurePrice>
      <AllowDiscount>0</AllowDiscount>
      <itemStatus>1</itemStatus>
      <LastUpdateDate />
      <LastUpdateTime />
    </Product>
    <Product>
      <PriceUpdateDate>2014/12/31 15:21</PriceUpdateDate>
      <ItemCode>7290003029907</ItemCode>
      <ItemType>1</ItemType>
      <ItemName>אייס קפה יטבתה 1 ליטר בקבוק</ItemName>
      <ManufactureName>שטראוס גרופ ***בעמ</ManufactureName>
      <ManufactureCountry />
      <ManufactureItemDescription />
      <UnitQty>י"ח</UnitQty>
      <Quantity>1</Quantity>
      <UnitMeasure>ליטר</UnitMeasure>
      <BisWeighted>0</BisWeighted>
      <QtyInPackage>1</QtyInPackage>
      <ItemPrice>12</ItemPrice>
      <UnitOfMeasurePrice>12</UnitOfMeasurePrice>
      <AllowDiscount>0</AllowDiscount>
      <itemStatus>1</itemStatus>
      <LastUpdateDate />
      <LastUpdateTime />
    </Product>
    <Product>
      <PriceUpdateDate>2017/08/27 14:57</PriceUpdateDate>
      <ItemCode>3031788</ItemCode>
      <ItemType>0</ItemType>
      <ItemName>מארז פסטרמה+סלמי מחפוד</ItemName>
      <ManufactureName>תנובה בשר</ManufactureName>
      <ManufactureCountry />
      <ManufactureItemDescription />
      <UnitQty>י"ח</UnitQty>
      <Quantity>800</Quantity>
      <UnitMeasure>ל  גרם</UnitMeasure>
      <BisWeighted>0</BisWeighted>
      <QtyInPackage>1</QtyInPackage>
      <ItemPrice>28.90</ItemPrice>
      <UnitOfMeasurePrice>3.61</UnitOfMeasurePrice>
      <AllowDiscount>0</AllowDiscount>
      <itemStatus>1</itemStatus>
      <LastUpdateDate />
      <LastUpdateTime />
    </Product>
    <Product>
      <PriceUpdateDate>2019/12/31 11:14</PriceUpdateDate>
      <ItemCode>7290003047642</ItemCode>
      <ItemType>1</ItemType>
      <ItemName>תה ליפטון 100שקיות (ללא עטיפה)</ItemName>
      <ManufactureName>יוניליוור ישראל שיווק בעמ</ManufactureName>
      <ManufactureCountry />
      <ManufactureItemDescription />
      <UnitQty>י"ח</UnitQty>
      <Quantity>150</Quantity>
      <UnitMeasure>ל  גרם</UnitMeasure>
      <BisWeighted>0</BisWeighted>
      <QtyInPackage>1</QtyInPackage>
      <ItemPrice>11.90</ItemPrice>
      <UnitOfMeasurePrice>7.93</UnitOfMeasurePrice>
      <AllowDiscount>0</AllowDiscount>
      <itemStatus>1</itemStatus>
      <LastUpdateDate />
      <LastUpdateTime />
    </Product>
    <Product>
      <PriceUpdateDate>2013/12/09 16:43</PriceUpdateDate>
      <ItemCode>7290003054220</ItemCode>
      <ItemType>1</ItemType>
      <ItemName>מסטמכר לחם שיפון 500 גרם</ItemName>
      <ManufactureName>דיפלומט בעמ</ManufactureName>
      <ManufactureCountry />
      <ManufactureItemDescription />
      <UnitQty>י"ח</UnitQty>
      <Quantity>500</Quantity>
      <UnitMeasure>ל  גרם</UnitMeasure>
      <BisWeighted>0</BisWeighted>
      <QtyInPackage>1</QtyInPackage>
      <ItemPrice>13.90</ItemPrice>
      <UnitOfMeasurePrice>2.78</UnitOfMeasurePrice>
      <AllowDiscount>0</AllowDiscount>
      <itemStatus>1</itemStatus>
      <LastUpdateDate />
      <LastUpdateTime />
    </Product>
    <Product>
      <PriceUpdateDate>2015/01/21 09:56</PriceUpdateDate>
      <ItemCode>7290003054657</ItemCode>
      <ItemType>1</ItemType>
      <ItemName>חרדל דיג ון אקסטרא פורטה</ItemName>
      <ManufactureName>דיפלומט בעמ</ManufactureName>
      <ManufactureCountry />
      <ManufactureItemDescription />
      <UnitQty>י"ח</UnitQty>
      <Quantity>370</Quantity>
      <UnitMeasure>ל  גרם</UnitMeasure>
      <BisWeighted>0</BisWeighted>
      <QtyInPackage>1</QtyInPackage>
      <ItemPrice>11.50</ItemPrice>
      <UnitOfMeasurePrice>3.11</UnitOfMeasurePrice>
      <AllowDiscount>0</AllowDiscount>
      <itemStatus>1</itemStatus>
      <LastUpdateDate />
      <LastUpdateTime />
    </Product>
    <Product>
      <PriceUpdateDate>2017/05/09 18:00</PriceUpdateDate>
      <ItemCode>7290003060009</ItemCode>
      <ItemType>1</ItemType>
      <ItemName>קמח בהיר 1ק"ג ישראליות</ItemName>
      <ManufactureName>טחנות ישראליות בעמ</ManufactureName>
      <ManufactureCountry />
      <ManufactureItemDescription />
      <UnitQty>י"ח</UnitQty>
      <Quantity>1</Quantity>
      <UnitMeasure>ק"ג</UnitMeasure>
      <BisWeighted>0</BisWeighted>
      <QtyInPackage>1</QtyInPackage>
      <ItemPrice>3.50</ItemPrice>
      <UnitOfMeasurePrice>3.50</UnitOfMeasurePrice>
      <AllowDiscount>1</AllowDiscount>
      <itemStatus>1</itemStatus>
      <LastUpdateDate />
      <LastUpdateTime />
    </Product>
    <Product>
      <PriceUpdateDate>2019/01/08 10:43</PriceUpdateDate>
      <ItemCode>7290003060023</ItemCode>
      <ItemType>1</ItemType>
      <ItemName>סולת 1ק"ג ישראליות</ItemName>
      <ManufactureName>טחנות ישראליות בעמ</ManufactureName>
      <ManufactureCountry />
      <ManufactureItemDescription />
      <UnitQty>י"ח</UnitQty>
      <Quantity>1</Quantity>
      <UnitMeasure>ק"ג</UnitMeasure>
      <BisWeighted>0</BisWeighted>
      <QtyInPackage>1</QtyInPackage>
      <ItemPrice>3.50</ItemPrice>
      <UnitOfMeasurePrice>3.50</UnitOfMeasurePrice>
      <AllowDiscount>1</AllowDiscount>
      <itemStatus>1</itemStatus>
      <LastUpdateDate />
      <LastUpdateTime />
    </Product>
    <Product>
      <PriceUpdateDate>2019/01/08 11:03</PriceUpdateDate>
      <ItemCode>3060283</ItemCode>
      <ItemType>0</ItemType>
      <ItemName>קמח תופח מעושר בחנקן 1ק"ג</ItemName>
      <ManufactureName>טחנות ישראליות בעמ</ManufactureName>
      <ManufactureCountry />
      <ManufactureItemDescription />
      <UnitQty>י"ח</UnitQty>
      <Quantity>1</Quantity>
      <UnitMeasure>ק"ג</UnitMeasure>
      <BisWeighted>0</BisWeighted>
      <QtyInPackage>1</QtyInPackage>
      <ItemPrice>6.90</ItemPrice>
      <UnitOfMeasurePrice>6.90</UnitOfMeasurePrice>
      <AllowDiscount>1</AllowDiscount>
      <itemStatus>1</itemStatus>
      <LastUpdateDate />
      <LastUpdateTime />
    </Product>
    <Product>
      <PriceUpdateDate>2017/08/23 15:20</PriceUpdateDate>
      <ItemCode>3060290</ItemCode>
      <ItemType>0</ItemType>
      <ItemName>קמח מלא מעושר בחנקן 1ק"ג</ItemName>
      <ManufactureName>טחנות ישראליות בעמ</ManufactureName>
      <ManufactureCountry />
      <ManufactureItemDescription />
      <UnitQty>י"ח</UnitQty>
      <Quantity>1</Quantity>
      <UnitMeasure>ק"ג</UnitMeasure>
      <BisWeighted>0</BisWeighted>
      <QtyInPackage>1</QtyInPackage>
      <ItemPrice>6.50</ItemPrice>
      <UnitOfMeasurePrice>6.50</UnitOfMeasurePrice>
      <AllowDiscount>1</AllowDiscount>
      <itemStatus>1</itemStatus>
      <LastUpdateDate />
      <LastUpdateTime />
    </Product>
    <Product>
      <PriceUpdateDate>2017/08/23 15:20</PriceUpdateDate>
      <ItemCode>3060306</ItemCode>
      <ItemType>0</ItemType>
      <ItemName>קמח שיפון מעושר בחנקן 1ק"ג</ItemName>
      <ManufactureName>טחנות ישראליות בעמ</ManufactureName>
      <ManufactureCountry />
      <ManufactureItemDescription />
      <UnitQty>י"ח</UnitQty>
      <Quantity>1</Quantity>
      <UnitMeasure>ק"ג</UnitMeasure>
      <BisWeighted>0</BisWeighted>
      <QtyInPackage>1</QtyInPackage>
      <ItemPrice>6.50</ItemPrice>
      <UnitOfMeasurePrice>6.50</UnitOfMeasurePrice>
      <AllowDiscount>1</AllowDiscount>
      <itemStatus>1</itemStatus>
      <LastUpdateDate />
      <LastUpdateTime />
    </Product>
    <Product>
      <PriceUpdateDate>2020/04/19 09:42</PriceUpdateDate>
      <ItemCode>3060313</ItemCode>
      <ItemType>0</ItemType>
      <ItemName>קמח כוסמין מעושר בחנקן 1ק"ג</ItemName>
      <ManufactureName>טחנות ישראליות בעמ</ManufactureName>
      <ManufactureCountry />
      <ManufactureItemDescription />
      <UnitQty>י"ח</UnitQty>
      <Quantity>1</Quantity>
      <UnitMeasure>ק"ג</UnitMeasure>
      <BisWeighted>0</BisWeighted>
      <QtyInPackage>1</QtyInPackage>
      <ItemPrice>13.90</ItemPrice>
      <UnitOfMeasurePrice>13.90</UnitOfMeasurePrice>
      <AllowDiscount>1</AllowDiscount>
      <itemStatus>1</itemStatus>
      <LastUpdateDate />
      <LastUpdateTime />
    </Product>
    <Product>
      <PriceUpdateDate>2019/01/08 11:03</PriceUpdateDate>
      <ItemCode>3060344</ItemCode>
      <ItemType>0</ItemType>
      <ItemName>קמח לפיצה בשקיות מנופה 1ק"ג</ItemName>
      <ManufactureName>טחנות ישראליות בעמ</ManufactureName>
      <ManufactureCountry />
      <ManufactureItemDescription />
      <UnitQty>י"ח</UnitQty>
      <Quantity>1</Quantity>
      <UnitMeasure>ק"ג</UnitMeasure>
      <BisWeighted>0</BisWeighted>
      <QtyInPackage>1</QtyInPackage>
      <ItemPrice>6.90</ItemPrice>
      <UnitOfMeasurePrice>6.90</UnitOfMeasurePrice>
      <AllowDiscount>1</AllowDiscount>
      <itemStatus>1</itemStatus>
      <LastUpdateDate />
      <LastUpdateTime />
    </Product>
    <Product>
      <PriceUpdateDate>2018/01/18 11:04</PriceUpdateDate>
      <ItemCode>3060351</ItemCode>
      <ItemType>0</ItemType>
      <ItemName>קמח מלא 80% מנופה1ק"ג</ItemName>
      <ManufactureName>טחנות ישראליות בעמ</ManufactureName>
      <ManufactureCountry />
      <ManufactureItemDescription />
      <UnitQty>י"ח</UnitQty>
      <Quantity>1</Quantity>
      <UnitMeasure>ק"ג</UnitMeasure>
      <BisWeighted>0</BisWeighted>
      <QtyInPackage>1</QtyInPackage>
      <ItemPrice>6.50</ItemPrice>
      <UnitOfMeasurePrice>6.50</UnitOfMeasurePrice>
      <AllowDiscount>1</AllowDiscount>
      <itemStatus>1</itemStatus>
      <LastUpdateDate />
      <LastUpdateTime />
    </Product>
    <Product>
      <PriceUpdateDate>2019/07/21 10:40</PriceUpdateDate>
      <ItemCode>3069156</ItemCode>
      <ItemType>0</ItemType>
      <ItemName>פילה דג סלמון קפוא V</ItemName>
      <ManufactureName>נטו מלינדה סחר בעמ</ManufactureName>
      <ManufactureCountry />
      <ManufactureItemDescription />
      <UnitQty>ק"ג</UnitQty>
      <Quantity>1</Quantity>
      <UnitMeasure>ק"ג</UnitMeasure>
      <BisWeighted>1</BisWeighted>
      <QtyInPackage>1</QtyInPackage>
      <ItemPrice>74.90</ItemPrice>
      <UnitOfMeasurePrice>74.90</UnitOfMeasurePrice>
      <AllowDiscount>0</AllowDiscount>
      <itemStatus>1</itemStatus>
      <LastUpdateDate />
      <LastUpdateTime />
    </Product>
    <Product>
      <PriceUpdateDate>2016/05/01 08:51</PriceUpdateDate>
      <ItemCode>3069682</ItemCode>
      <ItemType>0</ItemType>
      <ItemName>בצק פילאס 500ג</ItemName>
      <ManufactureName>נטו מלינדה סחר בעמ</ManufactureName>
      <ManufactureCountry />
      <ManufactureItemDescription />
      <UnitQty>י"ח</UnitQty>
      <Quantity>500</Quantity>
      <UnitMeasure>ל  גרם</UnitMeasure>
      <BisWeighted>0</BisWeighted>
      <QtyInPackage>1</QtyInPackage>
      <ItemPrice>21.90</ItemPrice>
      <UnitOfMeasurePrice>4.38</UnitOfMeasurePrice>
      <AllowDiscount>1</AllowDiscount>
      <itemStatus>1</itemStatus>
      <LastUpdateDate />
      <LastUpdateTime />
    </Product>
    <Product>
      <PriceUpdateDate>2013/06/04 15:50</PriceUpdateDate>
      <ItemCode>3069705</ItemCode>
      <ItemType>0</ItemType>
      <ItemName>אישית גבינה דקה תפזורת בעל"ז</ItemName>
      <ManufactureName>נטו מלינדה סחר בעמ</ManufactureName>
      <ManufactureCountry />
      <ManufactureItemDescription />
      <UnitQty>י"ח</UnitQty>
      <Quantity>1</Quantity>
      <UnitMeasure>י"ח</UnitMeasure>
      <BisWeighted>0</BisWeighted>
      <QtyInPackage>1</QtyInPackage>
      <ItemPrice>2.60</ItemPrice>
      <UnitOfMeasurePrice>2.60</UnitOfMeasurePrice>
      <AllowDiscount>1</AllowDiscount>
      <itemStatus>1</itemStatus>
      <LastUpdateDate />
      <LastUpdateTime />
    </Product>
    <Product>
      <PriceUpdateDate>2016/08/28 09:28</PriceUpdateDate>
      <ItemCode>7290003102976</ItemCode>
      <ItemType>1</ItemType>
      <ItemName>צימרוני אוזניים 200 יח</ItemName>
      <ManufactureName>אינטרסן (1996) בעמ</ManufactureName>
      <ManufactureCountry />
      <ManufactureItemDescription />
      <UnitQty>י"ח</UnitQty>
      <Quantity>20000</Quantity>
      <UnitMeasure>ל  גרם</UnitMeasure>
      <BisWeighted>0</BisWeighted>
      <QtyInPackage>1</QtyInPackage>
      <ItemPrice>3.70</ItemPrice>
      <UnitOfMeasurePrice>0.02</UnitOfMeasurePrice>
      <AllowDiscount>1</AllowDiscount>
      <itemStatus>1</itemStatus>
      <LastUpdateDate />
      <LastUpdateTime />
    </Product>
    <Product>
      <PriceUpdateDate>2019/08/25 07:40</PriceUpdateDate>
      <ItemCode>3105807</ItemCode>
      <ItemType>0</ItemType>
      <ItemName>בלוז שקיל שטראוס .</ItemName>
      <ManufactureName>שטראוס גרופ ***בעמ</ManufactureName>
      <ManufactureCountry />
      <ManufactureItemDescription />
      <UnitQty>ק"ג</UnitQty>
      <Quantity>1</Quantity>
      <UnitMeasure>ק"ג</UnitMeasure>
      <BisWeighted>1</BisWeighted>
      <QtyInPackage>1</QtyInPackage>
      <ItemPrice>69.90</ItemPrice>
      <UnitOfMeasurePrice>69.90</UnitOfMeasurePrice>
      <AllowDiscount>0</AllowDiscount>
      <itemStatus>1</itemStatus>
      <LastUpdateDate />
      <LastUpdateTime />
    </Product>
    <Product>
      <PriceUpdateDate>2013/12/19 09:15</PriceUpdateDate>
      <ItemCode>7290003120475</ItemCode>
      <ItemType>1</ItemType>
      <ItemName>מאלטי 500 חוזר</ItemName>
      <ManufactureName>חברה המרכזית להפצת משקאות בעמ</ManufactureName>
      <ManufactureCountry />
      <ManufactureItemDescription />
      <UnitQty>י"ח</UnitQty>
      <Quantity>500</Quantity>
      <UnitMeasure>ל  מ"ל</UnitMeasure>
      <BisWeighted>0</BisWeighted>
      <QtyInPackage>1</QtyInPackage>
      <ItemPrice>4</ItemPrice>
      <UnitOfMeasurePrice>0.56</UnitOfMeasurePrice>
      <AllowDiscount>0</AllowDiscount>
      <itemStatus>1</itemStatus>
      <LastUpdateDate />
      <LastUpdateTime />
    </Product>
    <Product>
      <PriceUpdateDate>2019/04/15 13:58</PriceUpdateDate>
      <ItemCode>7290003121083</ItemCode>
      <ItemType>1</ItemType>
      <ItemName>מג יק בשר בשקית</ItemName>
      <ManufactureName>נטו מלינדה סחר בעמ</ManufactureName>
      <ManufactureCountry />
      <ManufactureItemDescription />
      <UnitQty>י"ח</UnitQty>
      <Quantity>85</Quantity>
      <UnitMeasure>ל  גרם</UnitMeasure>
      <BisWeighted>0</BisWeighted>
      <QtyInPackage>1</QtyInPackage>
      <ItemPrice>3.50</ItemPrice>
      <UnitOfMeasurePrice>4.12</UnitOfMeasurePrice>
      <AllowDiscount>1</AllowDiscount>
      <itemStatus>1</itemStatus>
      <LastUpdateDate />
      <LastUpdateTime />
    </Product>
    <Product>
      <PriceUpdateDate>2019/04/15 13:58</PriceUpdateDate>
      <ItemCode>7290003121090</ItemCode>
      <ItemType>1</ItemType>
      <ItemName>מג יק ירקות בשקית</ItemName>
      <ManufactureName>נטו מלינדה סחר בעמ</ManufactureName>
      <ManufactureCountry />
      <ManufactureItemDescription />
      <UnitQty>י"ח</UnitQty>
      <Quantity>85</Quantity>
      <UnitMeasure>ל  גרם</UnitMeasure>
      <BisWeighted>0</BisWeighted>
      <QtyInPackage>1</QtyInPackage>
      <ItemPrice>3.50</ItemPrice>
      <UnitOfMeasurePrice>4.12</UnitOfMeasurePrice>
      <AllowDiscount>1</AllowDiscount>
      <itemStatus>1</itemStatus>
      <LastUpdateDate />
      <LastUpdateTime />
    </Product>
    <Product>
      <PriceUpdateDate>2019/04/15 13:58</PriceUpdateDate>
      <ItemCode>7290003121106</ItemCode>
      <ItemType>1</ItemType>
      <ItemName>מג יק עוף בשקית</ItemName>
      <ManufactureName>נטו מלינדה סחר בעמ</ManufactureName>
      <ManufactureCountry />
      <ManufactureItemDescription />
      <UnitQty>י"ח</UnitQty>
      <Quantity>85</Quantity>
      <UnitMeasure>ל  גרם</UnitMeasure>
      <BisWeighted>0</BisWeighted>
      <QtyInPackage>1</QtyInPackage>
      <ItemPrice>3.50</ItemPrice>
      <UnitOfMeasurePrice>4.12</UnitOfMeasurePrice>
      <AllowDiscount>1</AllowDiscount>
      <itemStatus>1</itemStatus>
      <LastUpdateDate />
      <LastUpdateTime />
    </Product>
    <Product>
      <PriceUpdateDate>2014/01/30 15:10</PriceUpdateDate>
      <ItemCode>7290003126958</ItemCode>
      <ItemType>1</ItemType>
      <ItemName>טופו טבעי בואקום 300גר</ItemName>
      <ManufactureName>*חברה המרכזית להפצתמשקאותבעמ*</ManufactureName>
      <ManufactureCountry />
      <ManufactureItemDescription />
      <UnitQty>י"ח</UnitQty>
      <Quantity>300</Quantity>
      <UnitMeasure>ל  גרם</UnitMeasure>
      <BisWeighted>0</BisWeighted>
      <QtyInPackage>1</QtyInPackage>
      <ItemPrice>12.10</ItemPrice>
      <UnitOfMeasurePrice>4.03</UnitOfMeasurePrice>
      <AllowDiscount>0</AllowDiscount>
      <itemStatus>1</itemStatus>
      <LastUpdateDate />
      <LastUpdateTime />
    </Product>
    <Product>
      <PriceUpdateDate>2015/02/26 13:13</PriceUpdateDate>
      <ItemCode>3140237</ItemCode>
      <ItemType>0</ItemType>
      <ItemName>סילאן לחיץ 360ג כשל"פ</ItemName>
      <ManufactureName>ליימן שליסל</ManufactureName>
      <ManufactureCountry />
      <ManufactureItemDescription />
      <UnitQty>י"ח</UnitQty>
      <Quantity>360</Quantity>
      <UnitMeasure>ל  גרם</UnitMeasure>
      <BisWeighted>0</BisWeighted>
      <QtyInPackage>1</QtyInPackage>
      <ItemPrice>11.90</ItemPrice>
      <UnitOfMeasurePrice>3.31</UnitOfMeasurePrice>
      <AllowDiscount>0</AllowDiscount>
      <itemStatus>1</itemStatus>
      <LastUpdateDate />
      <LastUpdateTime />
    </Product>
    <Product>
      <PriceUpdateDate>2014/11/19 17:39</PriceUpdateDate>
      <ItemCode>3142422</ItemCode>
      <ItemType>0</ItemType>
      <ItemName>גרעיני חמניות ללא מלח 180 גרם</ItemName>
      <ManufactureName>ליימן שליסל</ManufactureName>
      <ManufactureCountry />
      <ManufactureItemDescription />
      <UnitQty>י"ח</UnitQty>
      <Quantity>180</Quantity>
      <UnitMeasure>ל  גרם</UnitMeasure>
      <BisWeighted>0</BisWeighted>
      <QtyInPackage>1</QtyInPackage>
      <ItemPrice>6.40</ItemPrice>
      <UnitOfMeasurePrice>3.56</UnitOfMeasurePrice>
      <AllowDiscount>1</AllowDiscount>
      <itemStatus>1</itemStatus>
      <LastUpdateDate />
      <LastUpdateTime />
    </Product>
    <Product>
      <PriceUpdateDate>2017/06/01 10:54</PriceUpdateDate>
      <ItemCode>3142477</ItemCode>
      <ItemType>0</ItemType>
      <ItemName>ערמונים קלופים קלויים 100ג</ItemName>
      <ManufactureName>ליימן שליסל</ManufactureName>
      <ManufactureCountry />
      <ManufactureItemDescription />
      <UnitQty>י"ח</UnitQty>
      <Quantity>100</Quantity>
      <UnitMeasure>ל  גרם</UnitMeasure>
      <BisWeighted>0</BisWeighted>
      <QtyInPackage>1</QtyInPackage>
      <ItemPrice>5.90</ItemPrice>
      <UnitOfMeasurePrice>5.90</UnitOfMeasurePrice>
      <AllowDiscount>0</AllowDiscount>
      <itemStatus>1</itemStatus>
      <LastUpdateDate />
      <LastUpdateTime />
    </Product>
    <Product>
      <PriceUpdateDate>2016/01/31 13:11</PriceUpdateDate>
      <ItemCode>3143146</ItemCode>
      <ItemType>0</ItemType>
      <ItemName>ממרח תמרים קליית גת 450גרם כשל"פ</ItemName>
      <ManufactureName>ליימן שליסל</ManufactureName>
      <ManufactureCountry />
      <ManufactureItemDescription />
      <UnitQty>י"ח</UnitQty>
      <Quantity>450</Quantity>
      <UnitMeasure>ל  גרם</UnitMeasure>
      <BisWeighted>0</BisWeighted>
      <QtyInPackage>1</QtyInPackage>
      <ItemPrice>6.90</ItemPrice>
      <UnitOfMeasurePrice>1.53</UnitOfMeasurePrice>
      <AllowDiscount>0</AllowDiscount>
      <itemStatus>1</itemStatus>
      <LastUpdateDate />
      <LastUpdateTime />
    </Product>
    <Product>
      <PriceUpdateDate>2020/01/22 13:53</PriceUpdateDate>
      <ItemCode>3144068</ItemCode>
      <ItemType>0</ItemType>
      <ItemName>מארז שוקולד מריר 60% פרווה</ItemName>
      <ManufactureName>ליימן שליסל</ManufactureName>
      <ManufactureCountry />
      <ManufactureItemDescription />
      <UnitQty>י"ח</UnitQty>
      <Quantity>120</Quantity>
      <UnitMeasure>ל  גרם</UnitMeasure>
      <BisWeighted>0</BisWeighted>
      <QtyInPackage>1</QtyInPackage>
      <ItemPrice>10.90</ItemPrice>
      <UnitOfMeasurePrice>9.08</UnitOfMeasurePrice>
      <AllowDiscount>0</AllowDiscount>
      <itemStatus>1</itemStatus>
      <LastUpdateDate />
      <LastUpdateTime />
    </Product>
    <Product>
      <PriceUpdateDate>2016/05/26 13:34</PriceUpdateDate>
      <ItemCode>3144082</ItemCode>
      <ItemType>0</ItemType>
      <ItemName>צוקטה עוגות אישיות עשירייה</ItemName>
      <ManufactureName>ליימן שליסל</ManufactureName>
      <ManufactureCountry />
      <ManufactureItemDescription />
      <UnitQty>י"ח</UnitQty>
      <Quantity>300</Quantity>
      <UnitMeasure>ל  גרם</UnitMeasure>
      <BisWeighted>0</BisWeighted>
      <QtyInPackage>1</QtyInPackage>
      <ItemPrice>9.90</ItemPrice>
      <UnitOfMeasurePrice>3.30</UnitOfMeasurePrice>
      <AllowDiscount>0</AllowDiscount>
      <itemStatus>1</itemStatus>
      <LastUpdateDate />
      <LastUpdateTime />
    </Product>
    <Product>
      <PriceUpdateDate>2019/08/13 15:14</PriceUpdateDate>
      <ItemCode>3144112</ItemCode>
      <ItemType>0</ItemType>
      <ItemName>צוקטה שוקולד פרימיום 70% 100ג</ItemName>
      <ManufactureName>ליימן שליסל</ManufactureName>
      <ManufactureCountry />
      <ManufactureItemDescription />
      <UnitQty>י"ח</UnitQty>
      <Quantity>100</Quantity>
      <UnitMeasure>ל  גרם</UnitMeasure>
      <BisWeighted>0</BisWeighted>
      <QtyInPackage>1</QtyInPackage>
      <ItemPrice>9.90</ItemPrice>
      <UnitOfMeasurePrice>9.90</UnitOfMeasurePrice>
      <AllowDiscount>0</AllowDiscount>
      <itemStatus>1</itemStatus>
      <LastUpdateDate />
      <LastUpdateTime />
    </Product>
    <Product>
      <PriceUpdateDate>2016/07/18 10:27</PriceUpdateDate>
      <ItemCode>3144204</ItemCode>
      <ItemType>0</ItemType>
      <ItemName>צוקטה עוגות אישיות שמינייה מריר</ItemName>
      <ManufactureName>ליימן שליסל</ManufactureName>
      <ManufactureCountry />
      <ManufactureItemDescription />
      <UnitQty>י"ח</UnitQty>
      <Quantity>240</Quantity>
      <UnitMeasure>ל  גרם</UnitMeasure>
      <BisWeighted>0</BisWeighted>
      <QtyInPackage>1</QtyInPackage>
      <ItemPrice>9.90</ItemPrice>
      <UnitOfMeasurePrice>4.13</UnitOfMeasurePrice>
      <AllowDiscount>0</AllowDiscount>
      <itemStatus>1</itemStatus>
      <LastUpdateDate />
      <LastUpdateTime />
    </Product>
    <Product>
      <PriceUpdateDate>2020/02/25 09:27</PriceUpdateDate>
      <ItemCode>3144419</ItemCode>
      <ItemType>0</ItemType>
      <ItemName>סילאן קליית גת 710גר טבעי</ItemName>
      <ManufactureName>ליימן שליסל</ManufactureName>
      <ManufactureCountry />
      <ManufactureItemDescription />
      <UnitQty>י"ח</UnitQty>
      <Quantity>710</Quantity>
      <UnitMeasure>ל  גרם</UnitMeasure>
      <BisWeighted>0</BisWeighted>
      <QtyInPackage>1</QtyInPackage>
      <ItemPrice>21.90</ItemPrice>
      <UnitOfMeasurePrice>3.08</UnitOfMeasurePrice>
      <AllowDiscount>1</AllowDiscount>
      <itemStatus>1</itemStatus>
      <LastUpdateDate />
      <LastUpdateTime />
    </Product>
    <Product>
      <PriceUpdateDate>2016/08/16 11:52</PriceUpdateDate>
      <ItemCode>3144778</ItemCode>
      <ItemType>0</ItemType>
      <ItemName>בונבוניירה צ`וקטה צדפות בלגי 125גר</ItemName>
      <ManufactureName>ליימן שליסל</ManufactureName>
      <ManufactureCountry />
      <ManufactureItemDescription />
      <UnitQty>י"ח</UnitQty>
      <Quantity>125</Quantity>
      <UnitMeasure>ל  גרם</UnitMeasure>
      <BisWeighted>0</BisWeighted>
      <QtyInPackage>1</QtyInPackage>
      <ItemPrice>12.90</ItemPrice>
      <UnitOfMeasurePrice>10.32</UnitOfMeasurePrice>
      <AllowDiscount>0</AllowDiscount>
      <itemStatus>1</itemStatus>
      <LastUpdateDate />
      <LastUpdateTime />
    </Product>
    <Product>
      <PriceUpdateDate>2017/08/10 11:46</PriceUpdateDate>
      <ItemCode>3144945</ItemCode>
      <ItemType>0</ItemType>
      <ItemName>צוקטה עוגות אישיות עשירייה קוקוס</ItemName>
      <ManufactureName>ליימן שליסל</ManufactureName>
      <ManufactureCountry />
      <ManufactureItemDescription />
      <UnitQty>י"ח</UnitQty>
      <Quantity>300</Quantity>
      <UnitMeasure>ל  גרם</UnitMeasure>
      <BisWeighted>0</BisWeighted>
      <QtyInPackage>1</QtyInPackage>
      <ItemPrice>9.90</ItemPrice>
      <UnitOfMeasurePrice>3.30</UnitOfMeasurePrice>
      <AllowDiscount>0</AllowDiscount>
      <itemStatus>1</itemStatus>
      <LastUpdateDate />
      <LastUpdateTime />
    </Product>
    <Product>
      <PriceUpdateDate>2015/12/29 10:04</PriceUpdateDate>
      <ItemCode>7290003145751</ItemCode>
      <ItemType>1</ItemType>
      <ItemName>קשיו קלוי 200גר`</ItemName>
      <ManufactureName>ליימן שליסל</ManufactureName>
      <ManufactureCountry />
      <ManufactureItemDescription />
      <UnitQty>י"ח</UnitQty>
      <Quantity>200</Quantity>
      <UnitMeasure>ל  גרם</UnitMeasure>
      <BisWeighted>0</BisWeighted>
      <QtyInPackage>1</QtyInPackage>
      <ItemPrice>19.40</ItemPrice>
      <UnitOfMeasurePrice>9.70</UnitOfMeasurePrice>
      <AllowDiscount>1</AllowDiscount>
      <itemStatus>1</itemStatus>
      <LastUpdateDate />
      <LastUpdateTime />
    </Product>
    <Product>
      <PriceUpdateDate>2016/03/07 19:11</PriceUpdateDate>
      <ItemCode>7290003153831</ItemCode>
      <ItemType>1</ItemType>
      <ItemName>שוש 80 גרם</ItemName>
      <ManufactureName>שטראוס פריטו ליי בעמ</ManufactureName>
      <ManufactureCountry />
      <ManufactureItemDescription />
      <UnitQty>י"ח</UnitQty>
      <Quantity>80</Quantity>
      <UnitMeasure>ל  גרם</UnitMeasure>
      <BisWeighted>0</BisWeighted>
      <QtyInPackage>1</QtyInPackage>
      <ItemPrice>3.90</ItemPrice>
      <UnitOfMeasurePrice>4.88</UnitOfMeasurePrice>
      <AllowDiscount>1</AllowDiscount>
      <itemStatus>1</itemStatus>
      <LastUpdateDate />
      <LastUpdateTime />
    </Product>
    <Product>
      <PriceUpdateDate>2018/05/29 19:18</PriceUpdateDate>
      <ItemCode>7290003185719</ItemCode>
      <ItemType>1</ItemType>
      <ItemName>קבב רומני 400 גרם</ItemName>
      <ManufactureName>נטו מלינדה סחר בעמ</ManufactureName>
      <ManufactureCountry />
      <ManufactureItemDescription />
      <UnitQty>י"ח</UnitQty>
      <Quantity>500</Quantity>
      <UnitMeasure>ל  גרם</UnitMeasure>
      <BisWeighted>0</BisWeighted>
      <QtyInPackage>1</QtyInPackage>
      <ItemPrice>20.90</ItemPrice>
      <UnitOfMeasurePrice>4.18</UnitOfMeasurePrice>
      <AllowDiscount>1</AllowDiscount>
      <itemStatus>1</itemStatus>
      <LastUpdateDate />
      <LastUpdateTime />
    </Product>
    <Product>
      <PriceUpdateDate>2018/05/29 19:19</PriceUpdateDate>
      <ItemCode>7290003185726</ItemCode>
      <ItemType>1</ItemType>
      <ItemName>קבב מזרחי ]500טיווןויל[</ItemName>
      <ManufactureName>נטו מלינדה סחר בעמ</ManufactureName>
      <ManufactureCountry />
      <ManufactureItemDescription />
      <UnitQty>י"ח</UnitQty>
      <Quantity>500</Quantity>
      <UnitMeasure>ל  גרם</UnitMeasure>
      <BisWeighted>0</BisWeighted>
      <QtyInPackage>1</QtyInPackage>
      <ItemPrice>20.90</ItemPrice>
      <UnitOfMeasurePrice>4.18</UnitOfMeasurePrice>
      <AllowDiscount>1</AllowDiscount>
      <itemStatus>1</itemStatus>
      <LastUpdateDate />
      <LastUpdateTime />
    </Product>
    <Product>
      <PriceUpdateDate>2016/01/04 18:57</PriceUpdateDate>
      <ItemCode>3189045</ItemCode>
      <ItemType>0</ItemType>
      <ItemName>הולנדית כפיר בלוק</ItemName>
      <ManufactureName>צ.י.תעשיות מזון יבנה בעמ</ManufactureName>
      <ManufactureCountry />
      <ManufactureItemDescription />
      <UnitQty>ק"ג</UnitQty>
      <Quantity>1</Quantity>
      <UnitMeasure />
      <BisWeighted>1</BisWeighted>
      <QtyInPackage>1</QtyInPackage>
      <ItemPrice>37.90</ItemPrice>
      <UnitOfMeasurePrice>37.90</UnitOfMeasurePrice>
      <AllowDiscount>0</AllowDiscount>
      <itemStatus>1</itemStatus>
      <LastUpdateDate />
      <LastUpdateTime />
    </Product>
    <Product>
      <PriceUpdateDate>2020/01/15 11:21</PriceUpdateDate>
      <ItemCode>3189199</ItemCode>
      <ItemType>0</ItemType>
      <ItemName>בטעם מקסיקני כפיר בלוק</ItemName>
      <ManufactureName>צ.י.תעשיות מזון יבנה בעמ</ManufactureName>
      <ManufactureCountry />
      <ManufactureItemDescription />
      <UnitQty>ק"ג</UnitQty>
      <Quantity>1</Quantity>
      <UnitMeasure />
      <BisWeighted>1</BisWeighted>
      <QtyInPackage>1</QtyInPackage>
      <ItemPrice>33.90</ItemPrice>
      <UnitOfMeasurePrice>33.90</UnitOfMeasurePrice>
      <AllowDiscount>0</AllowDiscount>
      <itemStatus>1</itemStatus>
      <LastUpdateDate />
      <LastUpdateTime />
    </Product>
    <Product>
      <PriceUpdateDate>2016/07/03 15:42</PriceUpdateDate>
      <ItemCode>3189274</ItemCode>
      <ItemType>0</ItemType>
      <ItemName>בנוסח מעושן גבינה צהובה</ItemName>
      <ManufactureName>צ.י.תעשיות מזון יבנה בעמ</ManufactureName>
      <ManufactureCountry />
      <ManufactureItemDescription />
      <UnitQty>ק"ג</UnitQty>
      <Quantity>1</Quantity>
      <UnitMeasure>י"ח</UnitMeasure>
      <BisWeighted>1</BisWeighted>
      <QtyInPackage>1</QtyInPackage>
      <ItemPrice>39.90</ItemPrice>
      <UnitOfMeasurePrice>39.90</UnitOfMeasurePrice>
      <AllowDiscount>0</AllowDiscount>
      <itemStatus>1</itemStatus>
      <LastUpdateDate />
      <LastUpdateTime />
    </Product>
    <Product>
      <PriceUpdateDate>2015/08/16 16:36</PriceUpdateDate>
      <ItemCode>3220502</ItemCode>
      <ItemType>0</ItemType>
      <ItemName>מי קוקוס 400מ"ל WOK.</ItemName>
      <ManufactureName>רזיט שיווק בעמ</ManufactureName>
      <ManufactureCountry />
      <ManufactureItemDescription />
      <UnitQty>י"ח</UnitQty>
      <Quantity>400</Quantity>
      <UnitMeasure>ל  מ"ל</UnitMeasure>
      <BisWeighted>0</BisWeighted>
      <QtyInPackage>1</QtyInPackage>
      <ItemPrice>4.90</ItemPrice>
      <UnitOfMeasurePrice>1.23</UnitOfMeasurePrice>
      <AllowDiscount>0</AllowDiscount>
      <itemStatus>1</itemStatus>
      <LastUpdateDate />
      <LastUpdateTime />
    </Product>
    <Product>
      <PriceUpdateDate>2015/08/16 16:39</PriceUpdateDate>
      <ItemCode>3220519</ItemCode>
      <ItemType>0</ItemType>
      <ItemName>קרם קוקוס 400מ"ל WOK</ItemName>
      <ManufactureName>רזיט שיווק בעמ</ManufactureName>
      <ManufactureCountry />
      <ManufactureItemDescription />
      <UnitQty>י"ח</UnitQty>
      <Quantity>400</Quantity>
      <UnitMeasure>ל  מ"ל</UnitMeasure>
      <BisWeighted>0</BisWeighted>
      <QtyInPackage>1</QtyInPackage>
      <ItemPrice>7.90</ItemPrice>
      <UnitOfMeasurePrice>1.98</UnitOfMeasurePrice>
      <AllowDiscount>0</AllowDiscount>
      <itemStatus>1</itemStatus>
      <LastUpdateDate />
      <LastUpdateTime />
    </Product>
    <Product>
      <PriceUpdateDate>2015/08/16 16:50</PriceUpdateDate>
      <ItemCode>3220595</ItemCode>
      <ItemType>0</ItemType>
      <ItemName>אורז לסושי 1ק"ג WOK</ItemName>
      <ManufactureName>רזיט שיווק בעמ</ManufactureName>
      <ManufactureCountry />
      <ManufactureItemDescription />
      <UnitQty>י"ח</UnitQty>
      <Quantity>1</Quantity>
      <UnitMeasure>ק"ג</UnitMeasure>
      <BisWeighted>0</BisWeighted>
      <QtyInPackage>1</QtyInPackage>
      <ItemPrice>11.90</ItemPrice>
      <UnitOfMeasurePrice>11.90</UnitOfMeasurePrice>
      <AllowDiscount>0</AllowDiscount>
      <itemStatus>1</itemStatus>
      <LastUpdateDate />
      <LastUpdateTime />
    </Product>
    <Product>
      <PriceUpdateDate>2017/04/03 11:49</PriceUpdateDate>
      <ItemCode>3220649</ItemCode>
      <ItemType>0</ItemType>
      <ItemName>שמן שומשום 100% טהור 150מ"ל  WOK</ItemName>
      <ManufactureName>רזיט שיווק בעמ</ManufactureName>
      <ManufactureCountry />
      <ManufactureItemDescription />
      <UnitQty>י"ח</UnitQty>
      <Quantity>150</Quantity>
      <UnitMeasure>ל  מ"ל</UnitMeasure>
      <BisWeighted>0</BisWeighted>
      <QtyInPackage>1</QtyInPackage>
      <ItemPrice>11.90</ItemPrice>
      <UnitOfMeasurePrice>7.93</UnitOfMeasurePrice>
      <AllowDiscount>0</AllowDiscount>
      <itemStatus>1</itemStatus>
      <LastUpdateDate />
      <LastUpdateTime />
    </Product>
    <Product>
      <PriceUpdateDate>2020/01/07 09:32</PriceUpdateDate>
      <ItemCode>7290003229147</ItemCode>
      <ItemType>1</ItemType>
      <ItemName>סלמי איטלקי מעושן</ItemName>
      <ManufactureName>תנובה בשר</ManufactureName>
      <ManufactureCountry />
      <ManufactureItemDescription />
      <UnitQty>י"ח</UnitQty>
      <Quantity>300</Quantity>
      <UnitMeasure>ל  גרם</UnitMeasure>
      <BisWeighted>0</BisWeighted>
      <QtyInPackage>1</QtyInPackage>
      <ItemPrice>26.90</ItemPrice>
      <UnitOfMeasurePrice>8.97</UnitOfMeasurePrice>
      <AllowDiscount>0</AllowDiscount>
      <itemStatus>1</itemStatus>
      <LastUpdateDate />
      <LastUpdateTime />
    </Product>
    <Product>
      <PriceUpdateDate>2020/01/07 09:32</PriceUpdateDate>
      <ItemCode>3229154</ItemCode>
      <ItemType>0</ItemType>
      <ItemName>סלמי קוניאק מובחר</ItemName>
      <ManufactureName>תנובה בשר</ManufactureName>
      <ManufactureCountry />
      <ManufactureItemDescription />
      <UnitQty>י"ח</UnitQty>
      <Quantity>300</Quantity>
      <UnitMeasure>ל  גרם</UnitMeasure>
      <BisWeighted>0</BisWeighted>
      <QtyInPackage>1</QtyInPackage>
      <ItemPrice>26.90</ItemPrice>
      <UnitOfMeasurePrice>8.97</UnitOfMeasurePrice>
      <AllowDiscount>0</AllowDiscount>
      <itemStatus>1</itemStatus>
      <LastUpdateDate />
      <LastUpdateTime />
    </Product>
    <Product>
      <PriceUpdateDate>2013/12/12 10:10</PriceUpdateDate>
      <ItemCode>3229222</ItemCode>
      <ItemType>0</ItemType>
      <ItemName>סלמי תה משובח 300גר`</ItemName>
      <ManufactureName>תנובה בשר</ManufactureName>
      <ManufactureCountry />
      <ManufactureItemDescription />
      <UnitQty>י"ח</UnitQty>
      <Quantity>300</Quantity>
      <UnitMeasure>ל  גרם</UnitMeasure>
      <BisWeighted>0</BisWeighted>
      <QtyInPackage>1</QtyInPackage>
      <ItemPrice>21.90</ItemPrice>
      <UnitOfMeasurePrice>7.30</UnitOfMeasurePrice>
      <AllowDiscount>0</AllowDiscount>
      <itemStatus>1</itemStatus>
      <LastUpdateDate />
      <LastUpdateTime />
    </Product>
    <Product>
      <PriceUpdateDate>2018/07/19 13:10</PriceUpdateDate>
      <ItemCode>3287253</ItemCode>
      <ItemType>0</ItemType>
      <ItemName>מרגז ארוז 500גרם</ItemName>
      <ManufactureName>בלדי בעמ</ManufactureName>
      <ManufactureCountry />
      <ManufactureItemDescription />
      <UnitQty>י"ח</UnitQty>
      <Quantity>500</Quantity>
      <UnitMeasure>ל  גרם</UnitMeasure>
      <BisWeighted>0</BisWeighted>
      <QtyInPackage>1</QtyInPackage>
      <ItemPrice>31.90</ItemPrice>
      <UnitOfMeasurePrice>6.38</UnitOfMeasurePrice>
      <AllowDiscount>1</AllowDiscount>
      <itemStatus>1</itemStatus>
      <LastUpdateDate />
      <LastUpdateTime />
    </Product>
    <Product>
      <PriceUpdateDate>2018/07/19 13:10</PriceUpdateDate>
      <ItemCode>3287260</ItemCode>
      <ItemType>0</ItemType>
      <ItemName>צ`וריסוס ארוז 600גרם</ItemName>
      <ManufactureName>בלדי בעמ</ManufactureName>
      <ManufactureCountry />
      <ManufactureItemDescription />
      <UnitQty>י"ח</UnitQty>
      <Quantity>600</Quantity>
      <UnitMeasure>ל  גרם</UnitMeasure>
      <BisWeighted>0</BisWeighted>
      <QtyInPackage>1</QtyInPackage>
      <ItemPrice>31.90</ItemPrice>
      <UnitOfMeasurePrice>5.32</UnitOfMeasurePrice>
      <AllowDiscount>1</AllowDiscount>
      <itemStatus>1</itemStatus>
      <LastUpdateDate />
      <LastUpdateTime />
    </Product>
    <Product>
      <PriceUpdateDate>2018/07/19 13:10</PriceUpdateDate>
      <ItemCode>3287307</ItemCode>
      <ItemType>0</ItemType>
      <ItemName>קבב רומני ארוז 600גרם</ItemName>
      <ManufactureName>בלדי בעמ</ManufactureName>
      <ManufactureCountry />
      <ManufactureItemDescription />
      <UnitQty>י"ח</UnitQty>
      <Quantity>600</Quantity>
      <UnitMeasure>ל  גרם</UnitMeasure>
      <BisWeighted>0</BisWeighted>
      <QtyInPackage>1</QtyInPackage>
      <ItemPrice>31.90</ItemPrice>
      <UnitOfMeasurePrice>5.32</UnitOfMeasurePrice>
      <AllowDiscount>1</AllowDiscount>
      <itemStatus>1</itemStatus>
      <LastUpdateDate />
      <LastUpdateTime />
    </Product>
    <Product>
      <PriceUpdateDate>2018/07/27 11:08</PriceUpdateDate>
      <ItemCode>7290003318100</ItemCode>
      <ItemType>1</ItemType>
      <ItemName>וופלים בטעם שוקולד מנעמים</ItemName>
      <ManufactureName>ח.כהן סוכנות מזון ומשקאות בע</ManufactureName>
      <ManufactureCountry />
      <ManufactureItemDescription />
      <UnitQty>י"ח</UnitQty>
      <Quantity>250</Quantity>
      <UnitMeasure>ל  גרם</UnitMeasure>
      <BisWeighted>0</BisWeighted>
      <QtyInPackage>1</QtyInPackage>
      <ItemPrice>3.90</ItemPrice>
      <UnitOfMeasurePrice>1.56</UnitOfMeasurePrice>
      <AllowDiscount>1</AllowDiscount>
      <itemStatus>1</itemStatus>
      <LastUpdateDate />
      <LastUpdateTime />
    </Product>
    <Product>
      <PriceUpdateDate>2017/11/16 13:55</PriceUpdateDate>
      <ItemCode>3318131</ItemCode>
      <ItemType>0</ItemType>
      <ItemName>וופל אגוז מנעמים  200גר`</ItemName>
      <ManufactureName>ח.כהן סוכנות מזון ומשקאות בע</ManufactureName>
      <ManufactureCountry />
      <ManufactureItemDescription />
      <UnitQty>י"ח</UnitQty>
      <Quantity>200</Quantity>
      <UnitMeasure>ל  גרם</UnitMeasure>
      <BisWeighted>0</BisWeighted>
      <QtyInPackage>1</QtyInPackage>
      <ItemPrice>3.90</ItemPrice>
      <UnitOfMeasurePrice>1.95</UnitOfMeasurePrice>
      <AllowDiscount>1</AllowDiscount>
      <itemStatus>1</itemStatus>
      <LastUpdateDate />
      <LastUpdateTime />
    </Product>
    <Product>
      <PriceUpdateDate>2019/06/16 11:21</PriceUpdateDate>
      <ItemCode>7290003321292</ItemCode>
      <ItemType>1</ItemType>
      <ItemName>סקי 9% 250 גר*</ItemName>
      <ManufactureName>שטראוס גרופ ***בעמ</ManufactureName>
      <ManufactureCountry />
      <ManufactureItemDescription />
      <UnitQty>י"ח</UnitQty>
      <Quantity>250</Quantity>
      <UnitMeasure>ל  גרם</UnitMeasure>
      <BisWeighted>0</BisWeighted>
      <QtyInPackage>1</QtyInPackage>
      <ItemPrice>4.75</ItemPrice>
      <UnitOfMeasurePrice>1.90</UnitOfMeasurePrice>
      <AllowDiscount>0</AllowDiscount>
      <itemStatus>1</itemStatus>
      <LastUpdateDate />
      <LastUpdateTime />
    </Product>
    <Product>
      <PriceUpdateDate>2015/11/30 11:47</PriceUpdateDate>
      <ItemCode>7290003387373</ItemCode>
      <ItemType>1</ItemType>
      <ItemName>ספיד סטיק גבר סגול</ItemName>
      <ManufactureName>ש.שסטוביץ בעמ</ManufactureName>
      <ManufactureCountry />
      <ManufactureItemDescription />
      <UnitQty>י"ח</UnitQty>
      <Quantity>70</Quantity>
      <UnitMeasure>ל  גרם</UnitMeasure>
      <BisWeighted>0</BisWeighted>
      <QtyInPackage>1</QtyInPackage>
      <ItemPrice>23.90</ItemPrice>
      <UnitOfMeasurePrice>34.14</UnitOfMeasurePrice>
      <AllowDiscount>1</AllowDiscount>
      <itemStatus>1</itemStatus>
      <LastUpdateDate />
      <LastUpdateTime />
    </Product>
    <Product>
      <PriceUpdateDate>2015/05/07 11:08</PriceUpdateDate>
      <ItemCode>7290003387410</ItemCode>
      <ItemType>1</ItemType>
      <ItemName>בלונס מסיר איפור</ItemName>
      <ManufactureName>ש.שסטוביץ בעמ</ManufactureName>
      <ManufactureCountry />
      <ManufactureItemDescription />
      <UnitQty>י"ח</UnitQty>
      <Quantity>1</Quantity>
      <UnitMeasure>י"ח</UnitMeasure>
      <BisWeighted>0</BisWeighted>
      <QtyInPackage>1</QtyInPackage>
      <ItemPrice>21.90</ItemPrice>
      <UnitOfMeasurePrice>21.90</UnitOfMeasurePrice>
      <AllowDiscount>0</AllowDiscount>
      <itemStatus>1</itemStatus>
      <LastUpdateDate />
      <LastUpdateTime />
    </Product>
    <Product>
      <PriceUpdateDate>2019/12/09 14:32</PriceUpdateDate>
      <ItemCode>7290003401420</ItemCode>
      <ItemType>1</ItemType>
      <ItemName>לחות לשער  נטורל}קלאסיק{</ItemName>
      <ManufactureName>החב הדרומית לשיווק</ManufactureName>
      <ManufactureCountry />
      <ManufactureItemDescription />
      <UnitQty>י"ח</UnitQty>
      <Quantity>400</Quantity>
      <UnitMeasure>ל  מ"ל</UnitMeasure>
      <BisWeighted>0</BisWeighted>
      <QtyInPackage>1</QtyInPackage>
      <ItemPrice>19.90</ItemPrice>
      <UnitOfMeasurePrice>4.98</UnitOfMeasurePrice>
      <AllowDiscount>0</AllowDiscount>
      <itemStatus>1</itemStatus>
      <LastUpdateDate />
      <LastUpdateTime />
    </Product>
    <Product>
      <PriceUpdateDate>2019/02/26 16:00</PriceUpdateDate>
      <ItemCode>3406579</ItemCode>
      <ItemType>0</ItemType>
      <ItemName>טחול בקר ממולא  קפוא</ItemName>
      <ManufactureName>נטו מלינדה סחר בעמ</ManufactureName>
      <ManufactureCountry />
      <ManufactureItemDescription />
      <UnitQty>ק"ג</UnitQty>
      <Quantity>1</Quantity>
      <UnitMeasure />
      <BisWeighted>1</BisWeighted>
      <QtyInPackage>1</QtyInPackage>
      <ItemPrice>69.90</ItemPrice>
      <UnitOfMeasurePrice>69.90</UnitOfMeasurePrice>
      <AllowDiscount>0</AllowDiscount>
      <itemStatus>1</itemStatus>
      <LastUpdateDate />
      <LastUpdateTime />
    </Product>
    <Product>
      <PriceUpdateDate>2014/01/05 15:08</PriceUpdateDate>
      <ItemCode>7290003411054</ItemCode>
      <ItemType>1</ItemType>
      <ItemName>שקיות לצליה גדול 5יח</ItemName>
      <ManufactureName>הנמל אריזות ושווק בעמ</ManufactureName>
      <ManufactureCountry />
      <ManufactureItemDescription />
      <UnitQty>י"ח</UnitQty>
      <Quantity>5</Quantity>
      <UnitMeasure>י"ח</UnitMeasure>
      <BisWeighted>0</BisWeighted>
      <QtyInPackage>1</QtyInPackage>
      <ItemPrice>5.10</ItemPrice>
      <UnitOfMeasurePrice>1.02</UnitOfMeasurePrice>
      <AllowDiscount>0</AllowDiscount>
      <itemStatus>1</itemStatus>
      <LastUpdateDate />
      <LastUpdateTime />
    </Product>
    <Product>
      <PriceUpdateDate>2014/01/05 15:26</PriceUpdateDate>
      <ItemCode>7290003411696</ItemCode>
      <ItemType>1</ItemType>
      <ItemName>מרקיות 25 יח</ItemName>
      <ManufactureName>הנמל אריזות ושווק בעמ</ManufactureName>
      <ManufactureCountry />
      <ManufactureItemDescription />
      <UnitQty>י"ח</UnitQty>
      <Quantity>25</Quantity>
      <UnitMeasure>י"ח</UnitMeasure>
      <BisWeighted>0</BisWeighted>
      <QtyInPackage>1</QtyInPackage>
      <ItemPrice>4.70</ItemPrice>
      <UnitOfMeasurePrice>0.19</UnitOfMeasurePrice>
      <AllowDiscount>0</AllowDiscount>
      <itemStatus>1</itemStatus>
      <LastUpdateDate />
      <LastUpdateTime />
    </Product>
    <Product>
      <PriceUpdateDate>2018/01/10 10:46</PriceUpdateDate>
      <ItemCode>7290003438013</ItemCode>
      <ItemType>1</ItemType>
      <ItemName>ממרח זיתים</ItemName>
      <ManufactureName>גורי מוצרי צריכה בעמ</ManufactureName>
      <ManufactureCountry />
      <ManufactureItemDescription />
      <UnitQty>י"ח</UnitQty>
      <Quantity>190</Quantity>
      <UnitMeasure>ל  גרם</UnitMeasure>
      <BisWeighted>0</BisWeighted>
      <QtyInPackage>1</QtyInPackage>
      <ItemPrice>13.90</ItemPrice>
      <UnitOfMeasurePrice>7.32</UnitOfMeasurePrice>
      <AllowDiscount>0</AllowDiscount>
      <itemStatus>1</itemStatus>
      <LastUpdateDate />
      <LastUpdateTime />
    </Product>
    <Product>
      <PriceUpdateDate>2018/01/10 10:46</PriceUpdateDate>
      <ItemCode>7290003438020</ItemCode>
      <ItemType>1</ItemType>
      <ItemName>ממרח עגבניות מיובשות</ItemName>
      <ManufactureName>גורי מוצרי צריכה בעמ</ManufactureName>
      <ManufactureCountry />
      <ManufactureItemDescription />
      <UnitQty>י"ח</UnitQty>
      <Quantity>190</Quantity>
      <UnitMeasure>ל  גרם</UnitMeasure>
      <BisWeighted>0</BisWeighted>
      <QtyInPackage>1</QtyInPackage>
      <ItemPrice>13.90</ItemPrice>
      <UnitOfMeasurePrice>7.32</UnitOfMeasurePrice>
      <AllowDiscount>0</AllowDiscount>
      <itemStatus>1</itemStatus>
      <LastUpdateDate />
      <LastUpdateTime />
    </Product>
    <Product>
      <PriceUpdateDate>2018/10/14 10:32</PriceUpdateDate>
      <ItemCode>3438082</ItemCode>
      <ItemType>0</ItemType>
      <ItemName>חזרת מצונן 180גר כשל"פ</ItemName>
      <ManufactureName>תנובה בעמ ***</ManufactureName>
      <ManufactureCountry />
      <ManufactureItemDescription />
      <UnitQty>י"ח</UnitQty>
      <Quantity>200</Quantity>
      <UnitMeasure>ל  גרם</UnitMeasure>
      <BisWeighted>0</BisWeighted>
      <QtyInPackage>1</QtyInPackage>
      <ItemPrice>12.90</ItemPrice>
      <UnitOfMeasurePrice>6.45</UnitOfMeasurePrice>
      <AllowDiscount>0</AllowDiscount>
      <itemStatus>1</itemStatus>
      <LastUpdateDate />
      <LastUpdateTime />
    </Product>
    <Product>
      <PriceUpdateDate>2018/01/10 10:46</PriceUpdateDate>
      <ItemCode>7290003438709</ItemCode>
      <ItemType>1</ItemType>
      <ItemName>ממרח זיתים שחורים</ItemName>
      <ManufactureName>גורי מוצרי צריכה בעמ</ManufactureName>
      <ManufactureCountry />
      <ManufactureItemDescription />
      <UnitQty>י"ח</UnitQty>
      <Quantity>190</Quantity>
      <UnitMeasure>ל  גרם</UnitMeasure>
      <BisWeighted>0</BisWeighted>
      <QtyInPackage>1</QtyInPackage>
      <ItemPrice>13.90</ItemPrice>
      <UnitOfMeasurePrice>7.32</UnitOfMeasurePrice>
      <AllowDiscount>0</AllowDiscount>
      <itemStatus>1</itemStatus>
      <LastUpdateDate />
      <LastUpdateTime />
    </Product>
    <Product>
      <PriceUpdateDate>2018/01/10 10:46</PriceUpdateDate>
      <ItemCode>7290003438990</ItemCode>
      <ItemType>1</ItemType>
      <ItemName>עטורי עגבניות מיובשות</ItemName>
      <ManufactureName>גורי מוצרי צריכה בעמ</ManufactureName>
      <ManufactureCountry />
      <ManufactureItemDescription />
      <UnitQty>י"ח</UnitQty>
      <Quantity>220</Quantity>
      <UnitMeasure>ל  גרם</UnitMeasure>
      <BisWeighted>0</BisWeighted>
      <QtyInPackage>1</QtyInPackage>
      <ItemPrice>18.90</ItemPrice>
      <UnitOfMeasurePrice>8.59</UnitOfMeasurePrice>
      <AllowDiscount>0</AllowDiscount>
      <itemStatus>1</itemStatus>
      <LastUpdateDate />
      <LastUpdateTime />
    </Product>
    <Product>
      <PriceUpdateDate>2014/01/16 10:04</PriceUpdateDate>
      <ItemCode>3444009</ItemCode>
      <ItemType>0</ItemType>
      <ItemName>חטיף שוקולד לבן ריזס 42גר</ItemName>
      <ManufactureName>ליימן שליסל</ManufactureName>
      <ManufactureCountry />
      <ManufactureItemDescription />
      <UnitQty>י"ח</UnitQty>
      <Quantity>43</Quantity>
      <UnitMeasure>ל  גרם</UnitMeasure>
      <BisWeighted>0</BisWeighted>
      <QtyInPackage>1</QtyInPackage>
      <ItemPrice>3.90</ItemPrice>
      <UnitOfMeasurePrice>9.07</UnitOfMeasurePrice>
      <AllowDiscount>0</AllowDiscount>
      <itemStatus>1</itemStatus>
      <LastUpdateDate />
      <LastUpdateTime />
    </Product>
    <Product>
      <PriceUpdateDate>2018/07/20 09:58</PriceUpdateDate>
      <ItemCode>7290003450602</ItemCode>
      <ItemType>1</ItemType>
      <ItemName>חרדל אמיתי</ItemName>
      <ManufactureName>דיפלומט בעמ</ManufactureName>
      <ManufactureCountry />
      <ManufactureItemDescription />
      <UnitQty>י"ח</UnitQty>
      <Quantity>255</Quantity>
      <UnitMeasure>ל  גרם</UnitMeasure>
      <BisWeighted>0</BisWeighted>
      <QtyInPackage>1</QtyInPackage>
      <ItemPrice>10.90</ItemPrice>
      <UnitOfMeasurePrice>4.27</UnitOfMeasurePrice>
      <AllowDiscount>0</AllowDiscount>
      <itemStatus>1</itemStatus>
      <LastUpdateDate />
      <LastUpdateTime />
    </Product>
    <Product>
      <PriceUpdateDate>2015/05/31 11:41</PriceUpdateDate>
      <ItemCode>7290003457946</ItemCode>
      <ItemType>1</ItemType>
      <ItemName>שלגון מגנום</ItemName>
      <ManufactureName>גלידות שטראוס בעמ</ManufactureName>
      <ManufactureCountry />
      <ManufactureItemDescription />
      <UnitQty>י"ח</UnitQty>
      <Quantity>1</Quantity>
      <UnitMeasure />
      <BisWeighted>0</BisWeighted>
      <QtyInPackage>1</QtyInPackage>
      <ItemPrice>10</ItemPrice>
      <UnitOfMeasurePrice>10</UnitOfMeasurePrice>
      <AllowDiscount>1</AllowDiscount>
      <itemStatus>1</itemStatus>
      <LastUpdateDate />
      <LastUpdateTime />
    </Product>
    <Product>
      <PriceUpdateDate>2015/05/31 11:41</PriceUpdateDate>
      <ItemCode>7290003457953</ItemCode>
      <ItemType>1</ItemType>
      <ItemName>מגנום לבן</ItemName>
      <ManufactureName>גלידות שטראוס בעמ</ManufactureName>
      <ManufactureCountry />
      <ManufactureItemDescription />
      <UnitQty>י"ח</UnitQty>
      <Quantity>1</Quantity>
      <UnitMeasure />
      <BisWeighted>0</BisWeighted>
      <QtyInPackage>1</QtyInPackage>
      <ItemPrice>10</ItemPrice>
      <UnitOfMeasurePrice>10</UnitOfMeasurePrice>
      <AllowDiscount>1</AllowDiscount>
      <itemStatus>1</itemStatus>
      <LastUpdateDate />
      <LastUpdateTime />
    </Product>
    <Product>
      <PriceUpdateDate>2013/10/31 15:36</PriceUpdateDate>
      <ItemCode>7290003457991</ItemCode>
      <ItemType>1</ItemType>
      <ItemName>קורנטו קלאסיק שטראוס</ItemName>
      <ManufactureName>גלידות שטראוס בעמ</ManufactureName>
      <ManufactureCountry />
      <ManufactureItemDescription />
      <UnitQty>י"ח</UnitQty>
      <Quantity>1</Quantity>
      <UnitMeasure />
      <BisWeighted>0</BisWeighted>
      <QtyInPackage>1</QtyInPackage>
      <ItemPrice>32.90</ItemPrice>
      <UnitOfMeasurePrice>32.90</UnitOfMeasurePrice>
      <AllowDiscount>0</AllowDiscount>
      <itemStatus>1</itemStatus>
      <LastUpdateDate />
      <LastUpdateTime />
    </Product>
    <Product>
      <PriceUpdateDate>2013/06/04 18:09</PriceUpdateDate>
      <ItemCode>7290003475124</ItemCode>
      <ItemType>1</ItemType>
      <ItemName>צמר גפן טהור</ItemName>
      <ManufactureName>ש.שסטוביץ בעמ</ManufactureName>
      <ManufactureCountry />
      <ManufactureItemDescription />
      <UnitQty>י"ח</UnitQty>
      <Quantity>100</Quantity>
      <UnitMeasure>ל  גרם</UnitMeasure>
      <BisWeighted>0</BisWeighted>
      <QtyInPackage>1</QtyInPackage>
      <ItemPrice>5.60</ItemPrice>
      <UnitOfMeasurePrice>5.60</UnitOfMeasurePrice>
      <AllowDiscount>0</AllowDiscount>
      <itemStatus>1</itemStatus>
      <LastUpdateDate />
      <LastUpdateTime />
    </Product>
    <Product>
      <PriceUpdateDate>2014/01/08 08:41</PriceUpdateDate>
      <ItemCode>3478002</ItemCode>
      <ItemType>0</ItemType>
      <ItemName>סחוג אדום 150גרם</ItemName>
      <ManufactureName>בידאני נתן</ManufactureName>
      <ManufactureCountry />
      <ManufactureItemDescription />
      <UnitQty>י"ח</UnitQty>
      <Quantity>150</Quantity>
      <UnitMeasure>ל  גרם</UnitMeasure>
      <BisWeighted>0</BisWeighted>
      <QtyInPackage>1</QtyInPackage>
      <ItemPrice>10</ItemPrice>
      <UnitOfMeasurePrice>6.67</UnitOfMeasurePrice>
      <AllowDiscount>0</AllowDiscount>
      <itemStatus>1</itemStatus>
      <LastUpdateDate />
      <LastUpdateTime />
    </Product>
    <Product>
      <PriceUpdateDate>2018/11/19 09:56</PriceUpdateDate>
      <ItemCode>3514007</ItemCode>
      <ItemType>0</ItemType>
      <ItemName>שקדי מרק 400 גר`MANA</ItemName>
      <ManufactureName>ש.שסטוביץ בעמ</ManufactureName>
      <ManufactureCountry />
      <ManufactureItemDescription />
      <UnitQty>י"ח</UnitQty>
      <Quantity>400</Quantity>
      <UnitMeasure>ל  גרם</UnitMeasure>
      <BisWeighted>0</BisWeighted>
      <QtyInPackage>1</QtyInPackage>
      <ItemPrice>8.90</ItemPrice>
      <UnitOfMeasurePrice>2.23</UnitOfMeasurePrice>
      <AllowDiscount>0</AllowDiscount>
      <itemStatus>1</itemStatus>
      <LastUpdateDate />
      <LastUpdateTime />
    </Product>
    <Product>
      <PriceUpdateDate>2015/11/03 13:38</PriceUpdateDate>
      <ItemCode>3514571</ItemCode>
      <ItemType>0</ItemType>
      <ItemName>פריכיות אורז עם מלח 100גרם</ItemName>
      <ManufactureName>ש.שסטוביץ בעמ</ManufactureName>
      <ManufactureCountry />
      <ManufactureItemDescription />
      <UnitQty>י"ח</UnitQty>
      <Quantity>100</Quantity>
      <UnitMeasure>ל  גרם</UnitMeasure>
      <BisWeighted>0</BisWeighted>
      <QtyInPackage>1</QtyInPackage>
      <ItemPrice>5</ItemPrice>
      <UnitOfMeasurePrice>5</UnitOfMeasurePrice>
      <AllowDiscount>0</AllowDiscount>
      <itemStatus>1</itemStatus>
      <LastUpdateDate />
      <LastUpdateTime />
    </Product>
    <Product>
      <PriceUpdateDate>2017/12/21 14:30</PriceUpdateDate>
      <ItemCode>7290003521081</ItemCode>
      <ItemType>1</ItemType>
      <ItemName>שמפו סרקל 1 ליטר</ItemName>
      <ManufactureName>פישר תעשיות פרמבצטיות בעמ</ManufactureName>
      <ManufactureCountry />
      <ManufactureItemDescription />
      <UnitQty>י"ח</UnitQty>
      <Quantity>1</Quantity>
      <UnitMeasure>ליטר</UnitMeasure>
      <BisWeighted>0</BisWeighted>
      <QtyInPackage>1</QtyInPackage>
      <ItemPrice>27.90</ItemPrice>
      <UnitOfMeasurePrice>27.90</UnitOfMeasurePrice>
      <AllowDiscount>0</AllowDiscount>
      <itemStatus>1</itemStatus>
      <LastUpdateDate />
      <LastUpdateTime />
    </Product>
    <Product>
      <PriceUpdateDate>2017/12/21 14:32</PriceUpdateDate>
      <ItemCode>7290003521340</ItemCode>
      <ItemType>1</ItemType>
      <ItemName>קמיל בלו 2 ל  אל סבון</ItemName>
      <ManufactureName>פישר תעשיות פרמבצטיות בעמ</ManufactureName>
      <ManufactureCountry />
      <ManufactureItemDescription />
      <UnitQty>י"ח</UnitQty>
      <Quantity>2</Quantity>
      <UnitMeasure>ליטר</UnitMeasure>
      <BisWeighted>0</BisWeighted>
      <QtyInPackage>1</QtyInPackage>
      <ItemPrice>39.90</ItemPrice>
      <UnitOfMeasurePrice>19.95</UnitOfMeasurePrice>
      <AllowDiscount>0</AllowDiscount>
      <itemStatus>1</itemStatus>
      <LastUpdateDate />
      <LastUpdateTime />
    </Product>
    <Product>
      <PriceUpdateDate>2017/05/08 14:02</PriceUpdateDate>
      <ItemCode>7290003521463</ItemCode>
      <ItemType>1</ItemType>
      <ItemName>קמיל בלו סנסיטיב 2 ליטר</ItemName>
      <ManufactureName>פישר תעשיות פרמבצטיות בעמ</ManufactureName>
      <ManufactureCountry />
      <ManufactureItemDescription />
      <UnitQty>י"ח</UnitQty>
      <Quantity>2</Quantity>
      <UnitMeasure>ליטר</UnitMeasure>
      <BisWeighted>0</BisWeighted>
      <QtyInPackage>1</QtyInPackage>
      <ItemPrice>39.90</ItemPrice>
      <UnitOfMeasurePrice>19.95</UnitOfMeasurePrice>
      <AllowDiscount>0</AllowDiscount>
      <itemStatus>1</itemStatus>
      <LastUpdateDate />
      <LastUpdateTime />
    </Product>
    <Product>
      <PriceUpdateDate>2015/06/08 10:19</PriceUpdateDate>
      <ItemCode>3526871</ItemCode>
      <ItemType>0</ItemType>
      <ItemName>פטריות חתוך מארז שלשות</ItemName>
      <ManufactureName>נטו מלינדה סחר בעמ</ManufactureName>
      <ManufactureCountry />
      <ManufactureItemDescription />
      <UnitQty>י"ח</UnitQty>
      <Quantity>290</Quantity>
      <UnitMeasure>ל  גרם</UnitMeasure>
      <BisWeighted>0</BisWeighted>
      <QtyInPackage>1</QtyInPackage>
      <ItemPrice>10</ItemPrice>
      <UnitOfMeasurePrice>3.45</UnitOfMeasurePrice>
      <AllowDiscount>0</AllowDiscount>
      <itemStatus>1</itemStatus>
      <LastUpdateDate />
      <LastUpdateTime />
    </Product>
    <Product>
      <PriceUpdateDate>2019/03/17 15:30</PriceUpdateDate>
      <ItemCode>7290003550753</ItemCode>
      <ItemType>1</ItemType>
      <ItemName>טונה פוסידון רביעיות</ItemName>
      <ManufactureName>נטו מלינדה סחר בעמ</ManufactureName>
      <ManufactureCountry />
      <ManufactureItemDescription />
      <UnitQty>י"ח</UnitQty>
      <Quantity>340</Quantity>
      <UnitMeasure>ל  גרם</UnitMeasure>
      <BisWeighted>0</BisWeighted>
      <QtyInPackage>1</QtyInPackage>
      <ItemPrice>19.90</ItemPrice>
      <UnitOfMeasurePrice>5.85</UnitOfMeasurePrice>
      <AllowDiscount>1</AllowDiscount>
      <itemStatus>1</itemStatus>
      <LastUpdateDate />
      <LastUpdateTime />
    </Product>
    <Product>
      <PriceUpdateDate>2020/04/01 09:32</PriceUpdateDate>
      <ItemCode>3571444</ItemCode>
      <ItemType>0</ItemType>
      <ItemName>שעועית ירוקה חתוכה  2.5ק"ג</ItemName>
      <ManufactureName>בלדי בעמ</ManufactureName>
      <ManufactureCountry />
      <ManufactureItemDescription />
      <UnitQty>י"ח</UnitQty>
      <Quantity>2.50</Quantity>
      <UnitMeasure>ק"ג</UnitMeasure>
      <BisWeighted>0</BisWeighted>
      <QtyInPackage>1</QtyInPackage>
      <ItemPrice>29.90</ItemPrice>
      <UnitOfMeasurePrice>11.96</UnitOfMeasurePrice>
      <AllowDiscount>0</AllowDiscount>
      <itemStatus>1</itemStatus>
      <LastUpdateDate />
      <LastUpdateTime />
    </Product>
    <Product>
      <PriceUpdateDate>2016/01/24 12:09</PriceUpdateDate>
      <ItemCode>7290003578061</ItemCode>
      <ItemType>1</ItemType>
      <ItemName>לבבות דקל שלם}וויליפוד{</ItemName>
      <ManufactureName>ג.וילי פוד אינטרנשיונל בעמ</ManufactureName>
      <ManufactureCountry />
      <ManufactureItemDescription />
      <UnitQty>י"ח</UnitQty>
      <Quantity>400</Quantity>
      <UnitMeasure>ל  גרם</UnitMeasure>
      <BisWeighted>0</BisWeighted>
      <QtyInPackage>1</QtyInPackage>
      <ItemPrice>9.90</ItemPrice>
      <UnitOfMeasurePrice>2.48</UnitOfMeasurePrice>
      <AllowDiscount>0</AllowDiscount>
      <itemStatus>1</itemStatus>
      <LastUpdateDate />
      <LastUpdateTime />
    </Product>
    <Product>
      <PriceUpdateDate>2017/12/29 10:47</PriceUpdateDate>
      <ItemCode>7290003578245</ItemCode>
      <ItemType>1</ItemType>
      <ItemName>לפתן ליצ ס 560 גרם</ItemName>
      <ManufactureName>ג.וילי פוד אינטרנשיונל בעמ</ManufactureName>
      <ManufactureCountry />
      <ManufactureItemDescription />
      <UnitQty>י"ח</UnitQty>
      <Quantity>560</Quantity>
      <UnitMeasure>ל  גרם</UnitMeasure>
      <BisWeighted>0</BisWeighted>
      <QtyInPackage>1</QtyInPackage>
      <ItemPrice>8.90</ItemPrice>
      <UnitOfMeasurePrice>1.59</UnitOfMeasurePrice>
      <AllowDiscount>0</AllowDiscount>
      <itemStatus>1</itemStatus>
      <LastUpdateDate />
      <LastUpdateTime />
    </Product>
    <Product>
      <PriceUpdateDate>2019/01/08 09:57</PriceUpdateDate>
      <ItemCode>7290003578313</ItemCode>
      <ItemType>1</ItemType>
      <ItemName>דובדבנים  וויליפוד ללא חרצנים</ItemName>
      <ManufactureName>ג.וילי פוד אינטרנשיונל בעמ</ManufactureName>
      <ManufactureCountry />
      <ManufactureItemDescription />
      <UnitQty>י"ח</UnitQty>
      <Quantity>720</Quantity>
      <UnitMeasure>ל  גרם</UnitMeasure>
      <BisWeighted>0</BisWeighted>
      <QtyInPackage>1</QtyInPackage>
      <ItemPrice>8.90</ItemPrice>
      <UnitOfMeasurePrice>1.24</UnitOfMeasurePrice>
      <AllowDiscount>0</AllowDiscount>
      <itemStatus>1</itemStatus>
      <LastUpdateDate />
      <LastUpdateTime />
    </Product>
    <Product>
      <PriceUpdateDate>2019/09/03 09:10</PriceUpdateDate>
      <ItemCode>3580511</ItemCode>
      <ItemType>0</ItemType>
      <ItemName>פילה מדומה מס `6 חלק פרגוואי</ItemName>
      <ManufactureName>בלדי בעמ</ManufactureName>
      <ManufactureCountry />
      <ManufactureItemDescription />
      <UnitQty>ק"ג</UnitQty>
      <Quantity>1</Quantity>
      <UnitMeasure />
      <BisWeighted>1</BisWeighted>
      <QtyInPackage>1</QtyInPackage>
      <ItemPrice>32.90</ItemPrice>
      <UnitOfMeasurePrice>32.90</UnitOfMeasurePrice>
      <AllowDiscount>0</AllowDiscount>
      <itemStatus>1</itemStatus>
      <LastUpdateDate />
      <LastUpdateTime />
    </Product>
    <Product>
      <PriceUpdateDate>2018/11/08 17:47</PriceUpdateDate>
      <ItemCode>7290003608089</ItemCode>
      <ItemType>1</ItemType>
      <ItemName>ספרינג תות בננה 1.5 ל</ItemName>
      <ManufactureName>יפאורה שותפות מוגבלת לשיווק</ManufactureName>
      <ManufactureCountry />
      <ManufactureItemDescription />
      <UnitQty>י"ח</UnitQty>
      <Quantity>1.50</Quantity>
      <UnitMeasure>ליטר</UnitMeasure>
      <BisWeighted>0</BisWeighted>
      <QtyInPackage>1</QtyInPackage>
      <ItemPrice>6.20</ItemPrice>
      <UnitOfMeasurePrice>4.13</UnitOfMeasurePrice>
      <AllowDiscount>1</AllowDiscount>
      <itemStatus>1</itemStatus>
      <LastUpdateDate />
      <LastUpdateTime />
    </Product>
    <Product>
      <PriceUpdateDate>2019/01/27 13:10</PriceUpdateDate>
      <ItemCode>7290003608546</ItemCode>
      <ItemType>1</ItemType>
      <ItemName>תפוזינה-תות   בננה 1.5 ל</ItemName>
      <ManufactureName>יפאורה שותפות מוגבלת לשיווק</ManufactureName>
      <ManufactureCountry />
      <ManufactureItemDescription />
      <UnitQty>י"ח</UnitQty>
      <Quantity>1.50</Quantity>
      <UnitMeasure>ליטר</UnitMeasure>
      <BisWeighted>0</BisWeighted>
      <QtyInPackage>1</QtyInPackage>
      <ItemPrice>5.90</ItemPrice>
      <UnitOfMeasurePrice>3.93</UnitOfMeasurePrice>
      <AllowDiscount>1</AllowDiscount>
      <itemStatus>1</itemStatus>
      <LastUpdateDate />
      <LastUpdateTime />
    </Product>
    <Product>
      <PriceUpdateDate>2017/02/02 11:04</PriceUpdateDate>
      <ItemCode>7290003643165</ItemCode>
      <ItemType>1</ItemType>
      <ItemName>קורנפלור עמילן</ItemName>
      <ManufactureName>סוגת תעשיות בעמ</ManufactureName>
      <ManufactureCountry />
      <ManufactureItemDescription />
      <UnitQty>י"ח</UnitQty>
      <Quantity>500</Quantity>
      <UnitMeasure>ל  גרם</UnitMeasure>
      <BisWeighted>0</BisWeighted>
      <QtyInPackage>1</QtyInPackage>
      <ItemPrice>5.90</ItemPrice>
      <UnitOfMeasurePrice>1.18</UnitOfMeasurePrice>
      <AllowDiscount>0</AllowDiscount>
      <itemStatus>1</itemStatus>
      <LastUpdateDate />
      <LastUpdateTime />
    </Product>
    <Product>
      <PriceUpdateDate>2017/10/03 12:52</PriceUpdateDate>
      <ItemCode>7290003643387</ItemCode>
      <ItemType>1</ItemType>
      <ItemName>סוכר פלסטיק 1 ק"ג</ItemName>
      <ManufactureName>סוגת תעשיות בעמ</ManufactureName>
      <ManufactureCountry />
      <ManufactureItemDescription />
      <UnitQty>י"ח</UnitQty>
      <Quantity>1</Quantity>
      <UnitMeasure>ק"ג</UnitMeasure>
      <BisWeighted>0</BisWeighted>
      <QtyInPackage>1</QtyInPackage>
      <ItemPrice>7.90</ItemPrice>
      <UnitOfMeasurePrice>7.90</UnitOfMeasurePrice>
      <AllowDiscount>0</AllowDiscount>
      <itemStatus>1</itemStatus>
      <LastUpdateDate />
      <LastUpdateTime />
    </Product>
    <Product>
      <PriceUpdateDate>2016/02/05 10:11</PriceUpdateDate>
      <ItemCode>7290003643646</ItemCode>
      <ItemType>1</ItemType>
      <ItemName>סוכר חום דמררה סוגת</ItemName>
      <ManufactureName>סוגת תעשיות בעמ</ManufactureName>
      <ManufactureCountry />
      <ManufactureItemDescription />
      <UnitQty>י"ח</UnitQty>
      <Quantity>1</Quantity>
      <UnitMeasure>ק"ג</UnitMeasure>
      <BisWeighted>0</BisWeighted>
      <QtyInPackage>1</QtyInPackage>
      <ItemPrice>10.90</ItemPrice>
      <UnitOfMeasurePrice>10.90</UnitOfMeasurePrice>
      <AllowDiscount>0</AllowDiscount>
      <itemStatus>1</itemStatus>
      <LastUpdateDate />
      <LastUpdateTime />
    </Product>
    <Product>
      <PriceUpdateDate>2016/03/06 17:35</PriceUpdateDate>
      <ItemCode>7290003643684</ItemCode>
      <ItemType>1</ItemType>
      <ItemName>אפונה יבשה 500 גרם</ItemName>
      <ManufactureName>סוגת תעשיות בעמ</ManufactureName>
      <ManufactureCountry />
      <ManufactureItemDescription />
      <UnitQty>י"ח</UnitQty>
      <Quantity>500</Quantity>
      <UnitMeasure>ל  גרם</UnitMeasure>
      <BisWeighted>0</BisWeighted>
      <QtyInPackage>1</QtyInPackage>
      <ItemPrice>6.50</ItemPrice>
      <UnitOfMeasurePrice>1.30</UnitOfMeasurePrice>
      <AllowDiscount>0</AllowDiscount>
      <itemStatus>1</itemStatus>
      <LastUpdateDate />
      <LastUpdateTime />
    </Product>
    <Product>
      <PriceUpdateDate>2016/03/06 17:35</PriceUpdateDate>
      <ItemCode>7290003643707</ItemCode>
      <ItemType>1</ItemType>
      <ItemName>גריסים 500 ג</ItemName>
      <ManufactureName>סוגת תעשיות בעמ</ManufactureName>
      <ManufactureCountry />
      <ManufactureItemDescription />
      <UnitQty>י"ח</UnitQty>
      <Quantity>500</Quantity>
      <UnitMeasure>ל  גרם</UnitMeasure>
      <BisWeighted>0</BisWeighted>
      <QtyInPackage>1</QtyInPackage>
      <ItemPrice>4.90</ItemPrice>
      <UnitOfMeasurePrice>0.98</UnitOfMeasurePrice>
      <AllowDiscount>1</AllowDiscount>
      <itemStatus>1</itemStatus>
      <LastUpdateDate />
      <LastUpdateTime />
    </Product>
    <Product>
      <PriceUpdateDate>2017/05/09 11:32</PriceUpdateDate>
      <ItemCode>7290003643714</ItemCode>
      <ItemType>1</ItemType>
      <ItemName>חומוס 500 גרם סוגת</ItemName>
      <ManufactureName>סוגת תעשיות בעמ</ManufactureName>
      <ManufactureCountry />
      <ManufactureItemDescription />
      <UnitQty>י"ח</UnitQty>
      <Quantity>500</Quantity>
      <UnitMeasure>ל  גרם</UnitMeasure>
      <BisWeighted>0</BisWeighted>
      <QtyInPackage>1</QtyInPackage>
      <ItemPrice>8.90</ItemPrice>
      <UnitOfMeasurePrice>1.78</UnitOfMeasurePrice>
      <AllowDiscount>1</AllowDiscount>
      <itemStatus>1</itemStatus>
      <LastUpdateDate />
      <LastUpdateTime />
    </Product>
    <Product>
      <PriceUpdateDate>2015/11/09 14:22</PriceUpdateDate>
      <ItemCode>7290003643738</ItemCode>
      <ItemType>1</ItemType>
      <ItemName>חיטה 500 גרם סוגת</ItemName>
      <ManufactureName>סוגת תעשיות בעמ</ManufactureName>
      <ManufactureCountry />
      <ManufactureItemDescription />
      <UnitQty>י"ח</UnitQty>
      <Quantity>500</Quantity>
      <UnitMeasure>ל  גרם</UnitMeasure>
      <BisWeighted>0</BisWeighted>
      <QtyInPackage>1</QtyInPackage>
      <ItemPrice>5</ItemPrice>
      <UnitOfMeasurePrice>1</UnitOfMeasurePrice>
      <AllowDiscount>1</AllowDiscount>
      <itemStatus>1</itemStatus>
      <LastUpdateDate />
      <LastUpdateTime />
    </Product>
    <Product>
      <PriceUpdateDate>2019/09/24 15:27</PriceUpdateDate>
      <ItemCode>7290003643752</ItemCode>
      <ItemType>1</ItemType>
      <ItemName>~עדשים ירוקים 500 ג סוגת</ItemName>
      <ManufactureName>סוגת תעשיות בעמ</ManufactureName>
      <ManufactureCountry />
      <ManufactureItemDescription />
      <UnitQty>י"ח</UnitQty>
      <Quantity>500</Quantity>
      <UnitMeasure>ל  גרם</UnitMeasure>
      <BisWeighted>0</BisWeighted>
      <QtyInPackage>1</QtyInPackage>
      <ItemPrice>6.50</ItemPrice>
      <UnitOfMeasurePrice>1.30</UnitOfMeasurePrice>
      <AllowDiscount>0</AllowDiscount>
      <itemStatus>1</itemStatus>
      <LastUpdateDate />
      <LastUpdateTime />
    </Product>
    <Product>
      <PriceUpdateDate>2016/12/19 09:41</PriceUpdateDate>
      <ItemCode>7290003643776</ItemCode>
      <ItemType>1</ItemType>
      <ItemName>פופקורן 500 גרם</ItemName>
      <ManufactureName>סוגת תעשיות בעמ</ManufactureName>
      <ManufactureCountry />
      <ManufactureItemDescription />
      <UnitQty>י"ח</UnitQty>
      <Quantity>500</Quantity>
      <UnitMeasure>ל  גרם</UnitMeasure>
      <BisWeighted>0</BisWeighted>
      <QtyInPackage>1</QtyInPackage>
      <ItemPrice>6.50</ItemPrice>
      <UnitOfMeasurePrice>1.30</UnitOfMeasurePrice>
      <AllowDiscount>1</AllowDiscount>
      <itemStatus>1</itemStatus>
      <LastUpdateDate />
      <LastUpdateTime />
    </Product>
    <Product>
      <PriceUpdateDate>2016/03/06 17:35</PriceUpdateDate>
      <ItemCode>7290003643783</ItemCode>
      <ItemType>1</ItemType>
      <ItemName>קוקוס 100 גרם סוגת</ItemName>
      <ManufactureName>סוגת תעשיות בעמ</ManufactureName>
      <ManufactureCountry />
      <ManufactureItemDescription />
      <UnitQty>י"ח</UnitQty>
      <Quantity>100</Quantity>
      <UnitMeasure>ל  גרם</UnitMeasure>
      <BisWeighted>0</BisWeighted>
      <QtyInPackage>1</QtyInPackage>
      <ItemPrice>4.10</ItemPrice>
      <UnitOfMeasurePrice>4.10</UnitOfMeasurePrice>
      <AllowDiscount>1</AllowDiscount>
      <itemStatus>1</itemStatus>
      <LastUpdateDate />
      <LastUpdateTime />
    </Product>
    <Product>
      <PriceUpdateDate>2016/05/08 11:31</PriceUpdateDate>
      <ItemCode>7290003643806</ItemCode>
      <ItemType>1</ItemType>
      <ItemName>שעועית לבנה 500 גרם</ItemName>
      <ManufactureName>סוגת תעשיות בעמ</ManufactureName>
      <ManufactureCountry />
      <ManufactureItemDescription />
      <UnitQty>י"ח</UnitQty>
      <Quantity>500</Quantity>
      <UnitMeasure>ל  גרם</UnitMeasure>
      <BisWeighted>0</BisWeighted>
      <QtyInPackage>1</QtyInPackage>
      <ItemPrice>9.90</ItemPrice>
      <UnitOfMeasurePrice>1.98</UnitOfMeasurePrice>
      <AllowDiscount>1</AllowDiscount>
      <itemStatus>1</itemStatus>
      <LastUpdateDate />
      <LastUpdateTime />
    </Product>
    <Product>
      <PriceUpdateDate>2015/11/01 14:02</PriceUpdateDate>
      <ItemCode>7290003643813</ItemCode>
      <ItemType>1</ItemType>
      <ItemName>שעועית אדומה 500 גרם</ItemName>
      <ManufactureName>סוגת תעשיות בעמ</ManufactureName>
      <ManufactureCountry />
      <ManufactureItemDescription />
      <UnitQty>י"ח</UnitQty>
      <Quantity>500</Quantity>
      <UnitMeasure>ל  גרם</UnitMeasure>
      <BisWeighted>0</BisWeighted>
      <QtyInPackage>1</QtyInPackage>
      <ItemPrice>11.90</ItemPrice>
      <UnitOfMeasurePrice>2.38</UnitOfMeasurePrice>
      <AllowDiscount>1</AllowDiscount>
      <itemStatus>1</itemStatus>
      <LastUpdateDate />
      <LastUpdateTime />
    </Product>
    <Product>
      <PriceUpdateDate>2016/08/15 10:33</PriceUpdateDate>
      <ItemCode>7290003643820</ItemCode>
      <ItemType>1</ItemType>
      <ItemName>חומוס ענק 500 סוגת</ItemName>
      <ManufactureName>סוגת תעשיות בעמ</ManufactureName>
      <ManufactureCountry />
      <ManufactureItemDescription />
      <UnitQty>י"ח</UnitQty>
      <Quantity>500</Quantity>
      <UnitMeasure>ל  גרם</UnitMeasure>
      <BisWeighted>0</BisWeighted>
      <QtyInPackage>1</QtyInPackage>
      <ItemPrice>10</ItemPrice>
      <UnitOfMeasurePrice>2</UnitOfMeasurePrice>
      <AllowDiscount>0</AllowDiscount>
      <itemStatus>1</itemStatus>
      <LastUpdateDate />
      <LastUpdateTime />
    </Product>
    <Product>
      <PriceUpdateDate>2019/01/08 09:29</PriceUpdateDate>
      <ItemCode>7290003648009</ItemCode>
      <ItemType>1</ItemType>
      <ItemName>מקרוסקה בוואקום שקילה</ItemName>
      <ManufactureName>בידאני נתן</ManufactureName>
      <ManufactureCountry />
      <ManufactureItemDescription />
      <UnitQty>ק"ג</UnitQty>
      <Quantity>1</Quantity>
      <UnitMeasure>ק"ג</UnitMeasure>
      <BisWeighted>1</BisWeighted>
      <QtyInPackage>1</QtyInPackage>
      <ItemPrice>119.90</ItemPrice>
      <UnitOfMeasurePrice>119.90</UnitOfMeasurePrice>
      <AllowDiscount>0</AllowDiscount>
      <itemStatus>1</itemStatus>
      <LastUpdateDate />
      <LastUpdateTime />
    </Product>
    <Product>
      <PriceUpdateDate>2019/01/08 09:29</PriceUpdateDate>
      <ItemCode>7290003648016</ItemCode>
      <ItemType>1</ItemType>
      <ItemName>מקרל בוואקום שקילה</ItemName>
      <ManufactureName>בידאני נתן</ManufactureName>
      <ManufactureCountry />
      <ManufactureItemDescription />
      <UnitQty>ק"ג</UnitQty>
      <Quantity>1</Quantity>
      <UnitMeasure>ק"ג</UnitMeasure>
      <BisWeighted>1</BisWeighted>
      <QtyInPackage>1</QtyInPackage>
      <ItemPrice>91.90</ItemPrice>
      <UnitOfMeasurePrice>91.90</UnitOfMeasurePrice>
      <AllowDiscount>0</AllowDiscount>
      <itemStatus>1</itemStatus>
      <LastUpdateDate />
      <LastUpdateTime />
    </Product>
    <Product>
      <PriceUpdateDate>2019/01/08 09:29</PriceUpdateDate>
      <ItemCode>7290003648085</ItemCode>
      <ItemType>1</ItemType>
      <ItemName>מקרל בשמן 250 ג`</ItemName>
      <ManufactureName>בידאני נתן</ManufactureName>
      <ManufactureCountry />
      <ManufactureItemDescription />
      <UnitQty>י"ח</UnitQty>
      <Quantity>250</Quantity>
      <UnitMeasure>ל  גרם</UnitMeasure>
      <BisWeighted>0</BisWeighted>
      <QtyInPackage>1</QtyInPackage>
      <ItemPrice>30.90</ItemPrice>
      <UnitOfMeasurePrice>12.36</UnitOfMeasurePrice>
      <AllowDiscount>0</AllowDiscount>
      <itemStatus>1</itemStatus>
      <LastUpdateDate />
      <LastUpdateTime />
    </Product>
    <Product>
      <PriceUpdateDate>2019/01/08 09:29</PriceUpdateDate>
      <ItemCode>3648115</ItemCode>
      <ItemType>0</ItemType>
      <ItemName>טונה מעושנת בווקום שקילה ב</ItemName>
      <ManufactureName>בידאני נתן</ManufactureName>
      <ManufactureCountry />
      <ManufactureItemDescription />
      <UnitQty>ק"ג</UnitQty>
      <Quantity>1</Quantity>
      <UnitMeasure>ק"ג</UnitMeasure>
      <BisWeighted>1</BisWeighted>
      <QtyInPackage>1</QtyInPackage>
      <ItemPrice>129.90</ItemPrice>
      <UnitOfMeasurePrice>129.90</UnitOfMeasurePrice>
      <AllowDiscount>0</AllowDiscount>
      <itemStatus>1</itemStatus>
      <LastUpdateDate />
      <LastUpdateTime />
    </Product>
    <Product>
      <PriceUpdateDate>2019/01/13 15:38</PriceUpdateDate>
      <ItemCode>3648207</ItemCode>
      <ItemType>0</ItemType>
      <ItemName>מטיאס שקיל</ItemName>
      <ManufactureName>בידאני נתן</ManufactureName>
      <ManufactureCountry />
      <ManufactureItemDescription />
      <UnitQty>ק"ג</UnitQty>
      <Quantity>1</Quantity>
      <UnitMeasure>ק"ג</UnitMeasure>
      <BisWeighted>1</BisWeighted>
      <QtyInPackage>1</QtyInPackage>
      <ItemPrice>49.90</ItemPrice>
      <UnitOfMeasurePrice>49.90</UnitOfMeasurePrice>
      <AllowDiscount>0</AllowDiscount>
      <itemStatus>1</itemStatus>
      <LastUpdateDate />
      <LastUpdateTime />
    </Product>
    <Product>
      <PriceUpdateDate>2019/01/08 09:19</PriceUpdateDate>
      <ItemCode>3648436</ItemCode>
      <ItemType>0</ItemType>
      <ItemName>מטיאס שלם שקילה</ItemName>
      <ManufactureName>בידאני נתן</ManufactureName>
      <ManufactureCountry />
      <ManufactureItemDescription />
      <UnitQty>ק"ג</UnitQty>
      <Quantity>1</Quantity>
      <UnitMeasure>ק"ג</UnitMeasure>
      <BisWeighted>1</BisWeighted>
      <QtyInPackage>1</QtyInPackage>
      <ItemPrice>34.90</ItemPrice>
      <UnitOfMeasurePrice>34.90</UnitOfMeasurePrice>
      <AllowDiscount>0</AllowDiscount>
      <itemStatus>1</itemStatus>
      <LastUpdateDate />
      <LastUpdateTime />
    </Product>
    <Product>
      <PriceUpdateDate>2019/01/08 09:19</PriceUpdateDate>
      <ItemCode>7290003648467</ItemCode>
      <ItemType>1</ItemType>
      <ItemName>מעדן מטיאס 250 גרם</ItemName>
      <ManufactureName>בידאני נתן</ManufactureName>
      <ManufactureCountry />
      <ManufactureItemDescription />
      <UnitQty>י"ח</UnitQty>
      <Quantity>250</Quantity>
      <UnitMeasure>ל  גרם</UnitMeasure>
      <BisWeighted>0</BisWeighted>
      <QtyInPackage>1</QtyInPackage>
      <ItemPrice>20.90</ItemPrice>
      <UnitOfMeasurePrice>8.36</UnitOfMeasurePrice>
      <AllowDiscount>0</AllowDiscount>
      <itemStatus>1</itemStatus>
      <LastUpdateDate />
      <LastUpdateTime />
    </Product>
    <Product>
      <PriceUpdateDate>2018/11/27 10:01</PriceUpdateDate>
      <ItemCode>7290003667109</ItemCode>
      <ItemType>1</ItemType>
      <ItemName>פאנטה 1.5 ליטר(אורנג  )</ItemName>
      <ManufactureName>חברה המרכזית להפצת משקאות בעמ</ManufactureName>
      <ManufactureCountry />
      <ManufactureItemDescription />
      <UnitQty>י"ח</UnitQty>
      <Quantity>1.50</Quantity>
      <UnitMeasure>ליטר</UnitMeasure>
      <BisWeighted>0</BisWeighted>
      <QtyInPackage>1</QtyInPackage>
      <ItemPrice>7</ItemPrice>
      <UnitOfMeasurePrice>4.67</UnitOfMeasurePrice>
      <AllowDiscount>0</AllowDiscount>
      <itemStatus>1</itemStatus>
      <LastUpdateDate />
      <LastUpdateTime />
    </Product>
    <Product>
      <PriceUpdateDate>2018/11/27 10:01</PriceUpdateDate>
      <ItemCode>7290003667673</ItemCode>
      <ItemType>1</ItemType>
      <ItemName>דיאט פאנטה 1.5 ליטר</ItemName>
      <ManufactureName>חברה המרכזית להפצת משקאות בעמ</ManufactureName>
      <ManufactureCountry />
      <ManufactureItemDescription />
      <UnitQty>י"ח</UnitQty>
      <Quantity>1.50</Quantity>
      <UnitMeasure>ליטר</UnitMeasure>
      <BisWeighted>0</BisWeighted>
      <QtyInPackage>1</QtyInPackage>
      <ItemPrice>7</ItemPrice>
      <UnitOfMeasurePrice>4.67</UnitOfMeasurePrice>
      <AllowDiscount>0</AllowDiscount>
      <itemStatus>1</itemStatus>
      <LastUpdateDate />
      <LastUpdateTime />
    </Product>
    <Product>
      <PriceUpdateDate>2020/04/19 14:27</PriceUpdateDate>
      <ItemCode>7290003681334</ItemCode>
      <ItemType>1</ItemType>
      <ItemName>קוקוס 400 גרם מיה בד"צ</ItemName>
      <ManufactureName>מיה תעשיות מזון מ.ת.מ בעמ</ManufactureName>
      <ManufactureCountry />
      <ManufactureItemDescription />
      <UnitQty>י"ח</UnitQty>
      <Quantity>400</Quantity>
      <UnitMeasure>ל  גרם</UnitMeasure>
      <BisWeighted>0</BisWeighted>
      <QtyInPackage>1</QtyInPackage>
      <ItemPrice>11.90</ItemPrice>
      <UnitOfMeasurePrice>2.98</UnitOfMeasurePrice>
      <AllowDiscount>0</AllowDiscount>
      <itemStatus>1</itemStatus>
      <LastUpdateDate />
      <LastUpdateTime />
    </Product>
    <Product>
      <PriceUpdateDate>2016/02/05 10:12</PriceUpdateDate>
      <ItemCode>7290003681693</ItemCode>
      <ItemType>1</ItemType>
      <ItemName>חומוס לבן ענק  500מיה</ItemName>
      <ManufactureName>מיה תעשיות מזון מ.ת.מ בעמ</ManufactureName>
      <ManufactureCountry />
      <ManufactureItemDescription />
      <UnitQty>י"ח</UnitQty>
      <Quantity>500</Quantity>
      <UnitMeasure>ל  גרם</UnitMeasure>
      <BisWeighted>0</BisWeighted>
      <QtyInPackage>1</QtyInPackage>
      <ItemPrice>10.90</ItemPrice>
      <UnitOfMeasurePrice>2.18</UnitOfMeasurePrice>
      <AllowDiscount>0</AllowDiscount>
      <itemStatus>1</itemStatus>
      <LastUpdateDate />
      <LastUpdateTime />
    </Product>
    <Product>
      <PriceUpdateDate>2017/12/28 09:12</PriceUpdateDate>
      <ItemCode>3715596</ItemCode>
      <ItemType>0</ItemType>
      <ItemName>אגוז מלך  זארובי 300גר*</ItemName>
      <ManufactureName>זארובי פיצוחי הגליל</ManufactureName>
      <ManufactureCountry />
      <ManufactureItemDescription />
      <UnitQty>י"ח</UnitQty>
      <Quantity>300</Quantity>
      <UnitMeasure>ל  גרם</UnitMeasure>
      <BisWeighted>0</BisWeighted>
      <QtyInPackage>1</QtyInPackage>
      <ItemPrice>28.90</ItemPrice>
      <UnitOfMeasurePrice>9.63</UnitOfMeasurePrice>
      <AllowDiscount>1</AllowDiscount>
      <itemStatus>1</itemStatus>
      <LastUpdateDate />
      <LastUpdateTime />
    </Product>
    <Product>
      <PriceUpdateDate>2017/06/28 12:26</PriceUpdateDate>
      <ItemCode>3718610</ItemCode>
      <ItemType>0</ItemType>
      <ItemName>במיה 400 גרם ארוז</ItemName>
      <ManufactureName>בלדי בעמ</ManufactureName>
      <ManufactureCountry />
      <ManufactureItemDescription />
      <UnitQty>י"ח</UnitQty>
      <Quantity>600</Quantity>
      <UnitMeasure>ל  גרם</UnitMeasure>
      <BisWeighted>0</BisWeighted>
      <QtyInPackage>1</QtyInPackage>
      <ItemPrice>9.90</ItemPrice>
      <UnitOfMeasurePrice>1.65</UnitOfMeasurePrice>
      <AllowDiscount>1</AllowDiscount>
      <itemStatus>1</itemStatus>
      <LastUpdateDate />
      <LastUpdateTime />
    </Product>
    <Product>
      <PriceUpdateDate>2019/05/28 09:20</PriceUpdateDate>
      <ItemCode>3726592</ItemCode>
      <ItemType>0</ItemType>
      <ItemName>טופו ויילר 300גר טעם פסטו</ItemName>
      <ManufactureName>שטראוס גרופ ***בעמ</ManufactureName>
      <ManufactureCountry />
      <ManufactureItemDescription />
      <UnitQty>י"ח</UnitQty>
      <Quantity>300</Quantity>
      <UnitMeasure>ל  גרם</UnitMeasure>
      <BisWeighted>0</BisWeighted>
      <QtyInPackage>1</QtyInPackage>
      <ItemPrice>12.90</ItemPrice>
      <UnitOfMeasurePrice>4.30</UnitOfMeasurePrice>
      <AllowDiscount>0</AllowDiscount>
      <itemStatus>1</itemStatus>
      <LastUpdateDate />
      <LastUpdateTime />
    </Product>
    <Product>
      <PriceUpdateDate>2019/05/28 09:20</PriceUpdateDate>
      <ItemCode>3726615</ItemCode>
      <ItemType>0</ItemType>
      <ItemName>טופו ויילר 300גר</ItemName>
      <ManufactureName>שטראוס גרופ ***בעמ</ManufactureName>
      <ManufactureCountry />
      <ManufactureItemDescription />
      <UnitQty>י"ח</UnitQty>
      <Quantity>300</Quantity>
      <UnitMeasure>ל  גרם</UnitMeasure>
      <BisWeighted>0</BisWeighted>
      <QtyInPackage>1</QtyInPackage>
      <ItemPrice>12.90</ItemPrice>
      <UnitOfMeasurePrice>4.30</UnitOfMeasurePrice>
      <AllowDiscount>0</AllowDiscount>
      <itemStatus>1</itemStatus>
      <LastUpdateDate />
      <LastUpdateTime />
    </Product>
    <Product>
      <PriceUpdateDate>2014/08/26 15:11</PriceUpdateDate>
      <ItemCode>7290003727667</ItemCode>
      <ItemType>1</ItemType>
      <ItemName>חומוס צבר 1 ק"ג</ItemName>
      <ManufactureName>קבוצת אוסם סחר-שות.מוגבלת</ManufactureName>
      <ManufactureCountry />
      <ManufactureItemDescription />
      <UnitQty>י"ח</UnitQty>
      <Quantity>1</Quantity>
      <UnitMeasure>ק"ג</UnitMeasure>
      <BisWeighted>0</BisWeighted>
      <QtyInPackage>1</QtyInPackage>
      <ItemPrice>15.90</ItemPrice>
      <UnitOfMeasurePrice>15.90</UnitOfMeasurePrice>
      <AllowDiscount>0</AllowDiscount>
      <itemStatus>1</itemStatus>
      <LastUpdateDate />
      <LastUpdateTime />
    </Product>
    <Product>
      <PriceUpdateDate>2017/12/29 10:47</PriceUpdateDate>
      <ItemCode>7290003781652</ItemCode>
      <ItemType>1</ItemType>
      <ItemName>צלפים 370גר</ItemName>
      <ManufactureName>ג.וילי פוד אינטרנשיונל בעמ</ManufactureName>
      <ManufactureCountry />
      <ManufactureItemDescription />
      <UnitQty>י"ח</UnitQty>
      <Quantity>370</Quantity>
      <UnitMeasure>ל  גרם</UnitMeasure>
      <BisWeighted>0</BisWeighted>
      <QtyInPackage>1</QtyInPackage>
      <ItemPrice>12.90</ItemPrice>
      <UnitOfMeasurePrice>3.49</UnitOfMeasurePrice>
      <AllowDiscount>0</AllowDiscount>
      <itemStatus>1</itemStatus>
      <LastUpdateDate />
      <LastUpdateTime />
    </Product>
    <Product>
      <PriceUpdateDate>2014/01/12 09:41</PriceUpdateDate>
      <ItemCode>7290003796892</ItemCode>
      <ItemType>1</ItemType>
      <ItemName>רבע כבש  עטרה}קפוא{</ItemName>
      <ManufactureName>ב ספק בשר קפוא</ManufactureName>
      <ManufactureCountry />
      <ManufactureItemDescription />
      <UnitQty>ק"ג</UnitQty>
      <Quantity>1</Quantity>
      <UnitMeasure />
      <BisWeighted>1</BisWeighted>
      <QtyInPackage>1</QtyInPackage>
      <ItemPrice>79.90</ItemPrice>
      <UnitOfMeasurePrice>79.90</UnitOfMeasurePrice>
      <AllowDiscount>0</AllowDiscount>
      <itemStatus>1</itemStatus>
      <LastUpdateDate />
      <LastUpdateTime />
    </Product>
    <Product>
      <PriceUpdateDate>2019/07/14 12:12</PriceUpdateDate>
      <ItemCode>3804894</ItemCode>
      <ItemType>0</ItemType>
      <ItemName>קורנפלקס ריבועים של אלופים 500ג בד"ץ</ItemName>
      <ManufactureName>יוניליוור ישראל שיווק בעמ</ManufactureName>
      <ManufactureCountry />
      <ManufactureItemDescription />
      <UnitQty>י"ח</UnitQty>
      <Quantity>500</Quantity>
      <UnitMeasure>ל  גרם</UnitMeasure>
      <BisWeighted>0</BisWeighted>
      <QtyInPackage>1</QtyInPackage>
      <ItemPrice>18.90</ItemPrice>
      <UnitOfMeasurePrice>3.78</UnitOfMeasurePrice>
      <AllowDiscount>0</AllowDiscount>
      <itemStatus>1</itemStatus>
      <LastUpdateDate />
      <LastUpdateTime />
    </Product>
    <Product>
      <PriceUpdateDate>2019/12/31 11:14</PriceUpdateDate>
      <ItemCode>7290003805501</ItemCode>
      <ItemType>1</ItemType>
      <ItemName>פתית שבדי חסכוני 300 ג`</ItemName>
      <ManufactureName>יוניליוור ישראל שיווק בעמ</ManufactureName>
      <ManufactureCountry />
      <ManufactureItemDescription />
      <UnitQty>י"ח</UnitQty>
      <Quantity>300</Quantity>
      <UnitMeasure>ל  גרם</UnitMeasure>
      <BisWeighted>0</BisWeighted>
      <QtyInPackage>1</QtyInPackage>
      <ItemPrice>14.90</ItemPrice>
      <UnitOfMeasurePrice>4.97</UnitOfMeasurePrice>
      <AllowDiscount>1</AllowDiscount>
      <itemStatus>1</itemStatus>
      <LastUpdateDate />
      <LastUpdateTime />
    </Product>
    <Product>
      <PriceUpdateDate>2019/12/31 11:14</PriceUpdateDate>
      <ItemCode>7290003805587</ItemCode>
      <ItemType>1</ItemType>
      <ItemName>פתית ח.מ בד"צ</ItemName>
      <ManufactureName>יוניליוור ישראל שיווק בעמ</ManufactureName>
      <ManufactureCountry />
      <ManufactureItemDescription />
      <UnitQty>י"ח</UnitQty>
      <Quantity>250</Quantity>
      <UnitMeasure>ל  גרם</UnitMeasure>
      <BisWeighted>0</BisWeighted>
      <QtyInPackage>1</QtyInPackage>
      <ItemPrice>14.90</ItemPrice>
      <UnitOfMeasurePrice>5.96</UnitOfMeasurePrice>
      <AllowDiscount>1</AllowDiscount>
      <itemStatus>1</itemStatus>
      <LastUpdateDate />
      <LastUpdateTime />
    </Product>
    <Product>
      <PriceUpdateDate>2019/07/24 09:57</PriceUpdateDate>
      <ItemCode>3806577</ItemCode>
      <ItemType>0</ItemType>
      <ItemName>##דאב דאו  ספריי 90ג</ItemName>
      <ManufactureName>יוניליוור ישראל שיווק בעמ</ManufactureName>
      <ManufactureCountry />
      <ManufactureItemDescription />
      <UnitQty>י"ח</UnitQty>
      <Quantity>90</Quantity>
      <UnitMeasure>ל  מ"ל</UnitMeasure>
      <BisWeighted>0</BisWeighted>
      <QtyInPackage>1</QtyInPackage>
      <ItemPrice>14.90</ItemPrice>
      <UnitOfMeasurePrice>16.56</UnitOfMeasurePrice>
      <AllowDiscount>1</AllowDiscount>
      <itemStatus>1</itemStatus>
      <LastUpdateDate />
      <LastUpdateTime />
    </Product>
    <Product>
      <PriceUpdateDate>2019/07/24 09:57</PriceUpdateDate>
      <ItemCode>7290003806591</ItemCode>
      <ItemType>1</ItemType>
      <ItemName>דאו דאב ספריי מלפפון 90ג</ItemName>
      <ManufactureName>יוניליוור ישראל שיווק בעמ</ManufactureName>
      <ManufactureCountry />
      <ManufactureItemDescription />
      <UnitQty>י"ח</UnitQty>
      <Quantity>90</Quantity>
      <UnitMeasure>ל  מ"ל</UnitMeasure>
      <BisWeighted>0</BisWeighted>
      <QtyInPackage>1</QtyInPackage>
      <ItemPrice>14.90</ItemPrice>
      <UnitOfMeasurePrice>16.56</UnitOfMeasurePrice>
      <AllowDiscount>1</AllowDiscount>
      <itemStatus>1</itemStatus>
      <LastUpdateDate />
      <LastUpdateTime />
    </Product>
    <Product>
      <PriceUpdateDate>2019/12/31 11:14</PriceUpdateDate>
      <ItemCode>7290003807482</ItemCode>
      <ItemType>1</ItemType>
      <ItemName>רוטב טריאקי 370 מ"ל</ItemName>
      <ManufactureName>יוניליוור ישראל שיווק בעמ</ManufactureName>
      <ManufactureCountry />
      <ManufactureItemDescription />
      <UnitQty>י"ח</UnitQty>
      <Quantity>370</Quantity>
      <UnitMeasure>ל  מ"ל</UnitMeasure>
      <BisWeighted>0</BisWeighted>
      <QtyInPackage>1</QtyInPackage>
      <ItemPrice>9.90</ItemPrice>
      <UnitOfMeasurePrice>2.68</UnitOfMeasurePrice>
      <AllowDiscount>0</AllowDiscount>
      <itemStatus>1</itemStatus>
      <LastUpdateDate />
      <LastUpdateTime />
    </Product>
    <Product>
      <PriceUpdateDate>2019/12/31 11:14</PriceUpdateDate>
      <ItemCode>7290003808649</ItemCode>
      <ItemType>1</ItemType>
      <ItemName>מריר 60% ורד זוגות</ItemName>
      <ManufactureName>יוניליוור ישראל שיווק בעמ</ManufactureName>
      <ManufactureCountry />
      <ManufactureItemDescription />
      <UnitQty>י"ח</UnitQty>
      <Quantity>200</Quantity>
      <UnitMeasure>ל  גרם</UnitMeasure>
      <BisWeighted>0</BisWeighted>
      <QtyInPackage>1</QtyInPackage>
      <ItemPrice>9.90</ItemPrice>
      <UnitOfMeasurePrice>4.95</UnitOfMeasurePrice>
      <AllowDiscount>0</AllowDiscount>
      <itemStatus>1</itemStatus>
      <LastUpdateDate />
      <LastUpdateTime />
    </Product>
    <Product>
      <PriceUpdateDate>2017/06/28 14:45</PriceUpdateDate>
      <ItemCode>7290003882502</ItemCode>
      <ItemType>1</ItemType>
      <ItemName>שמן תירס 1 ליטר וויליפוד</ItemName>
      <ManufactureName>ג.וילי פוד אינטרנשיונל בעמ</ManufactureName>
      <ManufactureCountry />
      <ManufactureItemDescription />
      <UnitQty>י"ח</UnitQty>
      <Quantity>1</Quantity>
      <UnitMeasure>ליטר</UnitMeasure>
      <BisWeighted>0</BisWeighted>
      <QtyInPackage>1</QtyInPackage>
      <ItemPrice>10.90</ItemPrice>
      <UnitOfMeasurePrice>10.90</UnitOfMeasurePrice>
      <AllowDiscount>0</AllowDiscount>
      <itemStatus>1</itemStatus>
      <LastUpdateDate />
      <LastUpdateTime />
    </Product>
    <Product>
      <PriceUpdateDate>2016/02/05 09:12</PriceUpdateDate>
      <ItemCode>7290003903788</ItemCode>
      <ItemType>1</ItemType>
      <ItemName>קפוצינו וניל פחי</ItemName>
      <ManufactureName>שטראוס גרופ בעמ</ManufactureName>
      <ManufactureCountry />
      <ManufactureItemDescription />
      <UnitQty>י"ח</UnitQty>
      <Quantity>200</Quantity>
      <UnitMeasure>ל  גרם</UnitMeasure>
      <BisWeighted>0</BisWeighted>
      <QtyInPackage>1</QtyInPackage>
      <ItemPrice>24.90</ItemPrice>
      <UnitOfMeasurePrice>12.45</UnitOfMeasurePrice>
      <AllowDiscount>0</AllowDiscount>
      <itemStatus>1</itemStatus>
      <LastUpdateDate />
      <LastUpdateTime />
    </Product>
    <Product>
      <PriceUpdateDate>2019/04/16 16:58</PriceUpdateDate>
      <ItemCode>7290003903955</ItemCode>
      <ItemType>1</ItemType>
      <ItemName>שוקולד במילוי קרם חלב  100 גרם</ItemName>
      <ManufactureName>שטראוס גרופ בעמ</ManufactureName>
      <ManufactureCountry />
      <ManufactureItemDescription />
      <UnitQty>י"ח</UnitQty>
      <Quantity>100</Quantity>
      <UnitMeasure>ל  גרם</UnitMeasure>
      <BisWeighted>0</BisWeighted>
      <QtyInPackage>1</QtyInPackage>
      <ItemPrice>5.90</ItemPrice>
      <UnitOfMeasurePrice>5.90</UnitOfMeasurePrice>
      <AllowDiscount>1</AllowDiscount>
      <itemStatus>1</itemStatus>
      <LastUpdateDate />
      <LastUpdateTime />
    </Product>
    <Product>
      <PriceUpdateDate>2019/04/16 16:58</PriceUpdateDate>
      <ItemCode>7290003905331</ItemCode>
      <ItemType>1</ItemType>
      <ItemName>פרה שברי אגוזים</ItemName>
      <ManufactureName>שטראוס גרופ בעמ</ManufactureName>
      <ManufactureCountry />
      <ManufactureItemDescription />
      <UnitQty>י"ח</UnitQty>
      <Quantity>100</Quantity>
      <UnitMeasure>ל  גרם</UnitMeasure>
      <BisWeighted>0</BisWeighted>
      <QtyInPackage>1</QtyInPackage>
      <ItemPrice>5.90</ItemPrice>
      <UnitOfMeasurePrice>5.90</UnitOfMeasurePrice>
      <AllowDiscount>1</AllowDiscount>
      <itemStatus>1</itemStatus>
      <LastUpdateDate />
      <LastUpdateTime />
    </Product>
    <Product>
      <PriceUpdateDate>2020/04/30 16:00</PriceUpdateDate>
      <ItemCode>3976263</ItemCode>
      <ItemType>0</ItemType>
      <ItemName>תרסיס די תיקן 300מ"ל טאצ`</ItemName>
      <ManufactureName>סאסאטק אגשח בעמ</ManufactureName>
      <ManufactureCountry />
      <ManufactureItemDescription />
      <UnitQty>י"ח</UnitQty>
      <Quantity>300</Quantity>
      <UnitMeasure>ל  מ"ל</UnitMeasure>
      <BisWeighted>0</BisWeighted>
      <QtyInPackage>1</QtyInPackage>
      <ItemPrice>9.90</ItemPrice>
      <UnitOfMeasurePrice>3.30</UnitOfMeasurePrice>
      <AllowDiscount>0</AllowDiscount>
      <itemStatus>1</itemStatus>
      <LastUpdateDate />
      <LastUpdateTime />
    </Product>
    <Product>
      <PriceUpdateDate>2020/04/30 16:00</PriceUpdateDate>
      <ItemCode>3976270</ItemCode>
      <ItemType>0</ItemType>
      <ItemName>תרסיס די תוש 300מ"ל טאצ`</ItemName>
      <ManufactureName>סאסאטק אגשח בעמ</ManufactureName>
      <ManufactureCountry />
      <ManufactureItemDescription />
      <UnitQty>י"ח</UnitQty>
      <Quantity>300</Quantity>
      <UnitMeasure>ל  מ"ל</UnitMeasure>
      <BisWeighted>0</BisWeighted>
      <QtyInPackage>1</QtyInPackage>
      <ItemPrice>9.90</ItemPrice>
      <UnitOfMeasurePrice>3.30</UnitOfMeasurePrice>
      <AllowDiscount>0</AllowDiscount>
      <itemStatus>1</itemStatus>
      <LastUpdateDate />
      <LastUpdateTime />
    </Product>
    <Product>
      <PriceUpdateDate>2020/04/30 16:00</PriceUpdateDate>
      <ItemCode>3976287</ItemCode>
      <ItemType>0</ItemType>
      <ItemName>תרסיס די תוש 630מ"ל טאצ`</ItemName>
      <ManufactureName>סאסאטק אגשח בעמ</ManufactureName>
      <ManufactureCountry />
      <ManufactureItemDescription />
      <UnitQty>י"ח</UnitQty>
      <Quantity>630</Quantity>
      <UnitMeasure>ל  מ"ל</UnitMeasure>
      <BisWeighted>0</BisWeighted>
      <QtyInPackage>1</QtyInPackage>
      <ItemPrice>13.90</ItemPrice>
      <UnitOfMeasurePrice>2.21</UnitOfMeasurePrice>
      <AllowDiscount>0</AllowDiscount>
      <itemStatus>1</itemStatus>
      <LastUpdateDate />
      <LastUpdateTime />
    </Product>
    <Product>
      <PriceUpdateDate>2020/04/30 16:00</PriceUpdateDate>
      <ItemCode>3976294</ItemCode>
      <ItemType>0</ItemType>
      <ItemName>תרסיס די תיקן פורטה 630מ"ל טאצ`</ItemName>
      <ManufactureName>סאסאטק אגשח בעמ</ManufactureName>
      <ManufactureCountry />
      <ManufactureItemDescription />
      <UnitQty>י"ח</UnitQty>
      <Quantity>630</Quantity>
      <UnitMeasure>ל  מ"ל</UnitMeasure>
      <BisWeighted>0</BisWeighted>
      <QtyInPackage>1</QtyInPackage>
      <ItemPrice>13.90</ItemPrice>
      <UnitOfMeasurePrice>2.21</UnitOfMeasurePrice>
      <AllowDiscount>0</AllowDiscount>
      <itemStatus>1</itemStatus>
      <LastUpdateDate />
      <LastUpdateTime />
    </Product>
    <Product>
      <PriceUpdateDate>2020/04/16 13:46</PriceUpdateDate>
      <ItemCode>3976669</ItemCode>
      <ItemType>0</ItemType>
      <ItemName>מארז מגבונים לחיטוי משטחים טאצ`.</ItemName>
      <ManufactureName>סאסאטק אגשח בעמ</ManufactureName>
      <ManufactureCountry />
      <ManufactureItemDescription />
      <UnitQty>י"ח</UnitQty>
      <Quantity>100</Quantity>
      <UnitMeasure>ל  מ"ל</UnitMeasure>
      <BisWeighted>0</BisWeighted>
      <QtyInPackage>1</QtyInPackage>
      <ItemPrice>19.90</ItemPrice>
      <UnitOfMeasurePrice>19.90</UnitOfMeasurePrice>
      <AllowDiscount>0</AllowDiscount>
      <itemStatus>1</itemStatus>
      <LastUpdateDate />
      <LastUpdateTime />
    </Product>
    <Product>
      <PriceUpdateDate>2020/03/11 11:14</PriceUpdateDate>
      <ItemCode>3976683</ItemCode>
      <ItemType>0</ItemType>
      <ItemName>תרסיס חיטוי 400מ"ל טאצ`.</ItemName>
      <ManufactureName>סאסאטק אגשח בעמ</ManufactureName>
      <ManufactureCountry />
      <ManufactureItemDescription />
      <UnitQty>י"ח</UnitQty>
      <Quantity>400</Quantity>
      <UnitMeasure>ל  מ"ל</UnitMeasure>
      <BisWeighted>0</BisWeighted>
      <QtyInPackage>1</QtyInPackage>
      <ItemPrice>19.90</ItemPrice>
      <UnitOfMeasurePrice>4.98</UnitOfMeasurePrice>
      <AllowDiscount>0</AllowDiscount>
      <itemStatus>1</itemStatus>
      <LastUpdateDate />
      <LastUpdateTime />
    </Product>
    <Product>
      <PriceUpdateDate>2020/04/16 13:46</PriceUpdateDate>
      <ItemCode>3976706</ItemCode>
      <ItemType>0</ItemType>
      <ItemName>דלי מטליות+חיטוי 400יח</ItemName>
      <ManufactureName>סאסאטק אגשח בעמ</ManufactureName>
      <ManufactureCountry />
      <ManufactureItemDescription />
      <UnitQty>י"ח</UnitQty>
      <Quantity>1</Quantity>
      <UnitMeasure>י"ח</UnitMeasure>
      <BisWeighted>0</BisWeighted>
      <QtyInPackage>1</QtyInPackage>
      <ItemPrice>34.90</ItemPrice>
      <UnitOfMeasurePrice>34.90</UnitOfMeasurePrice>
      <AllowDiscount>0</AllowDiscount>
      <itemStatus>1</itemStatus>
      <LastUpdateDate />
      <LastUpdateTime />
    </Product>
    <Product>
      <PriceUpdateDate>2018/12/30 10:44</PriceUpdateDate>
      <ItemCode>7290003989096</ItemCode>
      <ItemType>1</ItemType>
      <ItemName>סלט חציל  פיקנטי-אחלה</ItemName>
      <ManufactureName>שטראוס גרופ ***בעמ</ManufactureName>
      <ManufactureCountry />
      <ManufactureItemDescription />
      <UnitQty>י"ח</UnitQty>
      <Quantity>500</Quantity>
      <UnitMeasure>ל  גרם</UnitMeasure>
      <BisWeighted>0</BisWeighted>
      <QtyInPackage>1</QtyInPackage>
      <ItemPrice>15.50</ItemPrice>
      <UnitOfMeasurePrice>3.10</UnitOfMeasurePrice>
      <AllowDiscount>0</AllowDiscount>
      <itemStatus>1</itemStatus>
      <LastUpdateDate />
      <LastUpdateTime />
    </Product>
    <Product>
      <PriceUpdateDate>2016/03/06 16:51</PriceUpdateDate>
      <ItemCode>4011284</ItemCode>
      <ItemType>0</ItemType>
      <ItemName>בסיס להכנת קצפת 212מ"ל</ItemName>
      <ManufactureName>נטו מלינדה סחר בעמ</ManufactureName>
      <ManufactureCountry />
      <ManufactureItemDescription />
      <UnitQty>י"ח</UnitQty>
      <Quantity>212</Quantity>
      <UnitMeasure>ל  מ"ל</UnitMeasure>
      <BisWeighted>0</BisWeighted>
      <QtyInPackage>1</QtyInPackage>
      <ItemPrice>9</ItemPrice>
      <UnitOfMeasurePrice>4.25</UnitOfMeasurePrice>
      <AllowDiscount>1</AllowDiscount>
      <itemStatus>1</itemStatus>
      <LastUpdateDate />
      <LastUpdateTime />
    </Product>
    <Product>
      <PriceUpdateDate>2020/02/20 10:10</PriceUpdateDate>
      <ItemCode>4011338</ItemCode>
      <ItemType>0</ItemType>
      <ItemName>קצפת 250מ"ל</ItemName>
      <ManufactureName>נטו מלינדה סחר בעמ</ManufactureName>
      <ManufactureCountry />
      <ManufactureItemDescription />
      <UnitQty>י"ח</UnitQty>
      <Quantity>250</Quantity>
      <UnitMeasure>ל  מ"ל</UnitMeasure>
      <BisWeighted>0</BisWeighted>
      <QtyInPackage>1</QtyInPackage>
      <ItemPrice>9.90</ItemPrice>
      <UnitOfMeasurePrice>3.96</UnitOfMeasurePrice>
      <AllowDiscount>1</AllowDiscount>
      <itemStatus>1</itemStatus>
      <LastUpdateDate />
      <LastUpdateTime />
    </Product>
    <Product>
      <PriceUpdateDate>2020/02/20 10:10</PriceUpdateDate>
      <ItemCode>4011345</ItemCode>
      <ItemType>0</ItemType>
      <ItemName>קצפת  ריצ`פרווה במיכל 250 מ"ל</ItemName>
      <ManufactureName>נטו מלינדה סחר בעמ</ManufactureName>
      <ManufactureCountry />
      <ManufactureItemDescription />
      <UnitQty>י"ח</UnitQty>
      <Quantity>250</Quantity>
      <UnitMeasure>ל  מ"ל</UnitMeasure>
      <BisWeighted>0</BisWeighted>
      <QtyInPackage>1</QtyInPackage>
      <ItemPrice>9.90</ItemPrice>
      <UnitOfMeasurePrice>3.96</UnitOfMeasurePrice>
      <AllowDiscount>1</AllowDiscount>
      <itemStatus>1</itemStatus>
      <LastUpdateDate />
      <LastUpdateTime />
    </Product>
    <Product>
      <PriceUpdateDate>2015/02/09 09:13</PriceUpdateDate>
      <ItemCode>4011802</ItemCode>
      <ItemType>0</ItemType>
      <ItemName>צ`וריסוס אל גאוצ`ו 400גר`</ItemName>
      <ManufactureName>נטו מלינדה סחר בעמ</ManufactureName>
      <ManufactureCountry />
      <ManufactureItemDescription />
      <UnitQty>י"ח</UnitQty>
      <Quantity>400</Quantity>
      <UnitMeasure>ל  גרם</UnitMeasure>
      <BisWeighted>0</BisWeighted>
      <QtyInPackage>1</QtyInPackage>
      <ItemPrice>24.90</ItemPrice>
      <UnitOfMeasurePrice>6.23</UnitOfMeasurePrice>
      <AllowDiscount>1</AllowDiscount>
      <itemStatus>1</itemStatus>
      <LastUpdateDate />
      <LastUpdateTime />
    </Product>
    <Product>
      <PriceUpdateDate>2015/02/09 09:12</PriceUpdateDate>
      <ItemCode>4011826</ItemCode>
      <ItemType>0</ItemType>
      <ItemName>מיני המבורגר ריב אנטריקוט 320גרם</ItemName>
      <ManufactureName>נטו מלינדה סחר בעמ</ManufactureName>
      <ManufactureCountry />
      <ManufactureItemDescription />
      <UnitQty>י"ח</UnitQty>
      <Quantity>320</Quantity>
      <UnitMeasure>ל  גרם</UnitMeasure>
      <BisWeighted>0</BisWeighted>
      <QtyInPackage>1</QtyInPackage>
      <ItemPrice>24.90</ItemPrice>
      <UnitOfMeasurePrice>7.78</UnitOfMeasurePrice>
      <AllowDiscount>1</AllowDiscount>
      <itemStatus>1</itemStatus>
      <LastUpdateDate />
      <LastUpdateTime />
    </Product>
    <Product>
      <PriceUpdateDate>2020/02/20 09:02</PriceUpdateDate>
      <ItemCode>4030100</ItemCode>
      <ItemType>0</ItemType>
      <ItemName>מיץ תפוזים סחוט 1ל פריניב</ItemName>
      <ManufactureName>תנובה בעמ ***</ManufactureName>
      <ManufactureCountry />
      <ManufactureItemDescription />
      <UnitQty>י"ח</UnitQty>
      <Quantity>1</Quantity>
      <UnitMeasure>ליטר</UnitMeasure>
      <BisWeighted>0</BisWeighted>
      <QtyInPackage>1</QtyInPackage>
      <ItemPrice>14.90</ItemPrice>
      <UnitOfMeasurePrice>14.90</UnitOfMeasurePrice>
      <AllowDiscount>0</AllowDiscount>
      <itemStatus>1</itemStatus>
      <LastUpdateDate />
      <LastUpdateTime />
    </Product>
    <Product>
      <PriceUpdateDate>2017/03/09 09:13</PriceUpdateDate>
      <ItemCode>4030810</ItemCode>
      <ItemType>0</ItemType>
      <ItemName>שייק 100% בננה פסיפלורה תפוז ללא תוספת</ItemName>
      <ManufactureName>תנובה בעמ ***</ManufactureName>
      <ManufactureCountry />
      <ManufactureItemDescription />
      <UnitQty>י"ח</UnitQty>
      <Quantity>1</Quantity>
      <UnitMeasure>ליטר</UnitMeasure>
      <BisWeighted>0</BisWeighted>
      <QtyInPackage>1</QtyInPackage>
      <ItemPrice>17.90</ItemPrice>
      <UnitOfMeasurePrice>17.90</UnitOfMeasurePrice>
      <AllowDiscount>1</AllowDiscount>
      <itemStatus>1</itemStatus>
      <LastUpdateDate />
      <LastUpdateTime />
    </Product>
    <Product>
      <PriceUpdateDate>2017/06/21 12:04</PriceUpdateDate>
      <ItemCode>4030957</ItemCode>
      <ItemType>0</ItemType>
      <ItemName>פריניב מיץ לימונדה בלדי 2 ליטר</ItemName>
      <ManufactureName>תנובה בעמ ***</ManufactureName>
      <ManufactureCountry />
      <ManufactureItemDescription />
      <UnitQty>י"ח</UnitQty>
      <Quantity>2</Quantity>
      <UnitMeasure>ליטר</UnitMeasure>
      <BisWeighted>0</BisWeighted>
      <QtyInPackage>1</QtyInPackage>
      <ItemPrice>17.90</ItemPrice>
      <UnitOfMeasurePrice>8.95</UnitOfMeasurePrice>
      <AllowDiscount>1</AllowDiscount>
      <itemStatus>1</itemStatus>
      <LastUpdateDate />
      <LastUpdateTime />
    </Product>
    <Product>
      <PriceUpdateDate>2020/04/19 09:41</PriceUpdateDate>
      <ItemCode>4048525</ItemCode>
      <ItemType>0</ItemType>
      <ItemName>פילה אמנון דלידג</ItemName>
      <ManufactureName>נטו מלינדה סחר בעמ</ManufactureName>
      <ManufactureCountry />
      <ManufactureItemDescription />
      <UnitQty>ק"ג</UnitQty>
      <Quantity>200</Quantity>
      <UnitMeasure>ל  גרם</UnitMeasure>
      <BisWeighted>1</BisWeighted>
      <QtyInPackage>1</QtyInPackage>
      <ItemPrice>32.90</ItemPrice>
      <UnitOfMeasurePrice>16.45</UnitOfMeasurePrice>
      <AllowDiscount>1</AllowDiscount>
      <itemStatus>1</itemStatus>
      <LastUpdateDate />
      <LastUpdateTime />
    </Product>
    <Product>
      <PriceUpdateDate>2019/12/22 11:24</PriceUpdateDate>
      <ItemCode>4063016</ItemCode>
      <ItemType>0</ItemType>
      <ItemName>מלח שולחן 1 ק"ג*</ItemName>
      <ManufactureName>ח.כהן סוכנות מזון ומשקאות בע</ManufactureName>
      <ManufactureCountry />
      <ManufactureItemDescription />
      <UnitQty>י"ח</UnitQty>
      <Quantity>1</Quantity>
      <UnitMeasure>ק"ג</UnitMeasure>
      <BisWeighted>0</BisWeighted>
      <QtyInPackage>1</QtyInPackage>
      <ItemPrice>1.80</ItemPrice>
      <UnitOfMeasurePrice>1.80</UnitOfMeasurePrice>
      <AllowDiscount>0</AllowDiscount>
      <itemStatus>1</itemStatus>
      <LastUpdateDate />
      <LastUpdateTime />
    </Product>
    <Product>
      <PriceUpdateDate>2019/12/22 11:24</PriceUpdateDate>
      <ItemCode>7290004063115</ItemCode>
      <ItemType>1</ItemType>
      <ItemName>מלח גביש 1  ק"ג}עבה{</ItemName>
      <ManufactureName>ח.כהן סוכנות מזון ומשקאות בע</ManufactureName>
      <ManufactureCountry />
      <ManufactureItemDescription />
      <UnitQty>י"ח</UnitQty>
      <Quantity>1</Quantity>
      <UnitMeasure>ק"ג</UnitMeasure>
      <BisWeighted>0</BisWeighted>
      <QtyInPackage>1</QtyInPackage>
      <ItemPrice>1.90</ItemPrice>
      <UnitOfMeasurePrice>1.90</UnitOfMeasurePrice>
      <AllowDiscount>0</AllowDiscount>
      <itemStatus>1</itemStatus>
      <LastUpdateDate />
      <LastUpdateTime />
    </Product>
    <Product>
      <PriceUpdateDate>2016/05/25 16:04</PriceUpdateDate>
      <ItemCode>4064082</ItemCode>
      <ItemType>0</ItemType>
      <ItemName>מטחנה מלח ים טבעי</ItemName>
      <ManufactureName>תה ויסוצקי (ישראל)בעמ</ManufactureName>
      <ManufactureCountry />
      <ManufactureItemDescription />
      <UnitQty>י"ח</UnitQty>
      <Quantity>400</Quantity>
      <UnitMeasure>ל  גרם</UnitMeasure>
      <BisWeighted>0</BisWeighted>
      <QtyInPackage>1</QtyInPackage>
      <ItemPrice>12.90</ItemPrice>
      <UnitOfMeasurePrice>3.23</UnitOfMeasurePrice>
      <AllowDiscount>0</AllowDiscount>
      <itemStatus>1</itemStatus>
      <LastUpdateDate />
      <LastUpdateTime />
    </Product>
    <Product>
      <PriceUpdateDate>2017/11/12 11:51</PriceUpdateDate>
      <ItemCode>4064174</ItemCode>
      <ItemType>0</ItemType>
      <ItemName>מלח דק 1 ק"ג צנצנת ההימלאיה</ItemName>
      <ManufactureName>תה ויסוצקי (ישראל)בעמ</ManufactureName>
      <ManufactureCountry />
      <ManufactureItemDescription />
      <UnitQty>י"ח</UnitQty>
      <Quantity>1</Quantity>
      <UnitMeasure>ק"ג</UnitMeasure>
      <BisWeighted>0</BisWeighted>
      <QtyInPackage>1</QtyInPackage>
      <ItemPrice>17.90</ItemPrice>
      <UnitOfMeasurePrice>17.90</UnitOfMeasurePrice>
      <AllowDiscount>0</AllowDiscount>
      <itemStatus>1</itemStatus>
      <LastUpdateDate />
      <LastUpdateTime />
    </Product>
    <Product>
      <PriceUpdateDate>2018/08/19 10:05</PriceUpdateDate>
      <ItemCode>4064211</ItemCode>
      <ItemType>0</ItemType>
      <ItemName>מטחנה מלח אקסטרא תבלינים טנדורי</ItemName>
      <ManufactureName>תה ויסוצקי (ישראל)בעמ</ManufactureName>
      <ManufactureCountry />
      <ManufactureItemDescription />
      <UnitQty>י"ח</UnitQty>
      <Quantity>175</Quantity>
      <UnitMeasure>ל  גרם</UnitMeasure>
      <BisWeighted>0</BisWeighted>
      <QtyInPackage>1</QtyInPackage>
      <ItemPrice>15.90</ItemPrice>
      <UnitOfMeasurePrice>9.09</UnitOfMeasurePrice>
      <AllowDiscount>0</AllowDiscount>
      <itemStatus>1</itemStatus>
      <LastUpdateDate />
      <LastUpdateTime />
    </Product>
    <Product>
      <PriceUpdateDate>2019/06/11 09:32</PriceUpdateDate>
      <ItemCode>4064297</ItemCode>
      <ItemType>0</ItemType>
      <ItemName>מלח מאושר ביוד צנצנת 1ק"ג</ItemName>
      <ManufactureName>תה ויסוצקי (ישראל)בעמ</ManufactureName>
      <ManufactureCountry />
      <ManufactureItemDescription />
      <UnitQty>י"ח</UnitQty>
      <Quantity>1</Quantity>
      <UnitMeasure>ק"ג</UnitMeasure>
      <BisWeighted>0</BisWeighted>
      <QtyInPackage>1</QtyInPackage>
      <ItemPrice>8.90</ItemPrice>
      <UnitOfMeasurePrice>8.90</UnitOfMeasurePrice>
      <AllowDiscount>0</AllowDiscount>
      <itemStatus>1</itemStatus>
      <LastUpdateDate />
      <LastUpdateTime />
    </Product>
    <Product>
      <PriceUpdateDate>2019/12/16 12:52</PriceUpdateDate>
      <ItemCode>4064365</ItemCode>
      <ItemType>0</ItemType>
      <ItemName>מלח דק מועשר ביוד 1ק"ג קרטון</ItemName>
      <ManufactureName>תה ויסוצקי (ישראל)בעמ</ManufactureName>
      <ManufactureCountry />
      <ManufactureItemDescription />
      <UnitQty>י"ח</UnitQty>
      <Quantity>1</Quantity>
      <UnitMeasure>ק"ג</UnitMeasure>
      <BisWeighted>0</BisWeighted>
      <QtyInPackage>1</QtyInPackage>
      <ItemPrice>5.90</ItemPrice>
      <UnitOfMeasurePrice>5.90</UnitOfMeasurePrice>
      <AllowDiscount>0</AllowDiscount>
      <itemStatus>1</itemStatus>
      <LastUpdateDate />
      <LastUpdateTime />
    </Product>
    <Product>
      <PriceUpdateDate>2018/10/07 16:48</PriceUpdateDate>
      <ItemCode>4068585</ItemCode>
      <ItemType>0</ItemType>
      <ItemName>גאודה עיזים משולשים שקיל גד</ItemName>
      <ManufactureName>מחלבות גד</ManufactureName>
      <ManufactureCountry />
      <ManufactureItemDescription />
      <UnitQty>ק"ג</UnitQty>
      <Quantity>1</Quantity>
      <UnitMeasure />
      <BisWeighted>1</BisWeighted>
      <QtyInPackage>1</QtyInPackage>
      <ItemPrice>131.90</ItemPrice>
      <UnitOfMeasurePrice>131.90</UnitOfMeasurePrice>
      <AllowDiscount>0</AllowDiscount>
      <itemStatus>1</itemStatus>
      <LastUpdateDate />
      <LastUpdateTime />
    </Product>
    <Product>
      <PriceUpdateDate>2013/11/03 13:28</PriceUpdateDate>
      <ItemCode>7290004078225</ItemCode>
      <ItemType>1</ItemType>
      <ItemName>קולגייט מי פה פלקס ירוק</ItemName>
      <ManufactureName>ש.שסטוביץ בעמ</ManufactureName>
      <ManufactureCountry />
      <ManufactureItemDescription />
      <UnitQty>י"ח</UnitQty>
      <Quantity>500</Quantity>
      <UnitMeasure>ל  מ"ל</UnitMeasure>
      <BisWeighted>0</BisWeighted>
      <QtyInPackage>1</QtyInPackage>
      <ItemPrice>29.90</ItemPrice>
      <UnitOfMeasurePrice>5.98</UnitOfMeasurePrice>
      <AllowDiscount>1</AllowDiscount>
      <itemStatus>1</itemStatus>
      <LastUpdateDate />
      <LastUpdateTime />
    </Product>
    <Product>
      <PriceUpdateDate>2016/12/20 12:06</PriceUpdateDate>
      <ItemCode>7290004078270</ItemCode>
      <ItemType>1</ItemType>
      <ItemName>פלמוליב לכלים צילנדר ליטר לימון</ItemName>
      <ManufactureName>ש.שסטוביץ בעמ</ManufactureName>
      <ManufactureCountry />
      <ManufactureItemDescription />
      <UnitQty>י"ח</UnitQty>
      <Quantity>1</Quantity>
      <UnitMeasure>ליטר</UnitMeasure>
      <BisWeighted>0</BisWeighted>
      <QtyInPackage>1</QtyInPackage>
      <ItemPrice>12.90</ItemPrice>
      <UnitOfMeasurePrice>12.90</UnitOfMeasurePrice>
      <AllowDiscount>0</AllowDiscount>
      <itemStatus>1</itemStatus>
      <LastUpdateDate />
      <LastUpdateTime />
    </Product>
    <Product>
      <PriceUpdateDate>2014/09/07 17:27</PriceUpdateDate>
      <ItemCode>7290004078690</ItemCode>
      <ItemType>1</ItemType>
      <ItemName>WC אגקס ג ל נוזל לשרותים</ItemName>
      <ManufactureName>ש.שסטוביץ בעמ</ManufactureName>
      <ManufactureCountry />
      <ManufactureItemDescription />
      <UnitQty>י"ח</UnitQty>
      <Quantity>750</Quantity>
      <UnitMeasure>ל  מ"ל</UnitMeasure>
      <BisWeighted>0</BisWeighted>
      <QtyInPackage>1</QtyInPackage>
      <ItemPrice>14.90</ItemPrice>
      <UnitOfMeasurePrice>1.99</UnitOfMeasurePrice>
      <AllowDiscount>0</AllowDiscount>
      <itemStatus>1</itemStatus>
      <LastUpdateDate />
      <LastUpdateTime />
    </Product>
    <Product>
      <PriceUpdateDate>2015/11/30 12:01</PriceUpdateDate>
      <ItemCode>7290004078942</ItemCode>
      <ItemType>1</ItemType>
      <ItemName>ליידי ספיד סטיק ג ל אדום</ItemName>
      <ManufactureName>ש.שסטוביץ בעמ</ManufactureName>
      <ManufactureCountry />
      <ManufactureItemDescription />
      <UnitQty>י"ח</UnitQty>
      <Quantity>63</Quantity>
      <UnitMeasure>ל  גרם</UnitMeasure>
      <BisWeighted>0</BisWeighted>
      <QtyInPackage>1</QtyInPackage>
      <ItemPrice>24.90</ItemPrice>
      <UnitOfMeasurePrice>39.52</UnitOfMeasurePrice>
      <AllowDiscount>0</AllowDiscount>
      <itemStatus>1</itemStatus>
      <LastUpdateDate />
      <LastUpdateTime />
    </Product>
    <Product>
      <PriceUpdateDate>2019/12/31 11:14</PriceUpdateDate>
      <ItemCode>7290004091255</ItemCode>
      <ItemType>1</ItemType>
      <ItemName>וזלין פטרולאום ג ל 225</ItemName>
      <ManufactureName>יוניליוור ישראל שיווק בעמ</ManufactureName>
      <ManufactureCountry />
      <ManufactureItemDescription />
      <UnitQty>י"ח</UnitQty>
      <Quantity>225</Quantity>
      <UnitMeasure>ל  מ"ל</UnitMeasure>
      <BisWeighted>0</BisWeighted>
      <QtyInPackage>1</QtyInPackage>
      <ItemPrice>18.90</ItemPrice>
      <UnitOfMeasurePrice>8.40</UnitOfMeasurePrice>
      <AllowDiscount>0</AllowDiscount>
      <itemStatus>1</itemStatus>
      <LastUpdateDate />
      <LastUpdateTime />
    </Product>
    <Product>
      <PriceUpdateDate>2020/01/02 12:29</PriceUpdateDate>
      <ItemCode>7290004119133</ItemCode>
      <ItemType>1</ItemType>
      <ItemName>יוגורט כד1.5 ליטר 7%</ItemName>
      <ManufactureName>תנובה בעמ ***</ManufactureName>
      <ManufactureCountry />
      <ManufactureItemDescription />
      <UnitQty>י"ח</UnitQty>
      <Quantity>1.50</Quantity>
      <UnitMeasure>ליטר</UnitMeasure>
      <BisWeighted>0</BisWeighted>
      <QtyInPackage>1</QtyInPackage>
      <ItemPrice>16.90</ItemPrice>
      <UnitOfMeasurePrice>11.27</UnitOfMeasurePrice>
      <AllowDiscount>0</AllowDiscount>
      <itemStatus>1</itemStatus>
      <LastUpdateDate />
      <LastUpdateTime />
    </Product>
    <Product>
      <PriceUpdateDate>2020/01/02 12:29</PriceUpdateDate>
      <ItemCode>7290004119225</ItemCode>
      <ItemType>1</ItemType>
      <ItemName>יופלה אננס</ItemName>
      <ManufactureName>תנובה בעמ ***</ManufactureName>
      <ManufactureCountry />
      <ManufactureItemDescription />
      <UnitQty>י"ח</UnitQty>
      <Quantity>150</Quantity>
      <UnitMeasure>ל  מ"ל</UnitMeasure>
      <BisWeighted>0</BisWeighted>
      <QtyInPackage>1</QtyInPackage>
      <ItemPrice>4.80</ItemPrice>
      <UnitOfMeasurePrice>3.20</UnitOfMeasurePrice>
      <AllowDiscount>0</AllowDiscount>
      <itemStatus>1</itemStatus>
      <LastUpdateDate />
      <LastUpdateTime />
    </Product>
    <Product>
      <PriceUpdateDate>2020/03/03 14:45</PriceUpdateDate>
      <ItemCode>7290004119928</ItemCode>
      <ItemType>1</ItemType>
      <ItemName>קרלו וניל</ItemName>
      <ManufactureName>תנובה בעמ ***</ManufactureName>
      <ManufactureCountry />
      <ManufactureItemDescription />
      <UnitQty>י"ח</UnitQty>
      <Quantity>125</Quantity>
      <UnitMeasure>ל  מ"ל</UnitMeasure>
      <BisWeighted>0</BisWeighted>
      <QtyInPackage>1</QtyInPackage>
      <ItemPrice>2.90</ItemPrice>
      <UnitOfMeasurePrice>2.32</UnitOfMeasurePrice>
      <AllowDiscount>1</AllowDiscount>
      <itemStatus>1</itemStatus>
      <LastUpdateDate />
      <LastUpdateTime />
    </Product>
    <Product>
      <PriceUpdateDate>2020/03/03 14:45</PriceUpdateDate>
      <ItemCode>7290004119973</ItemCode>
      <ItemType>1</ItemType>
      <ItemName>מ.קרלו</ItemName>
      <ManufactureName>תנובה בעמ ***</ManufactureName>
      <ManufactureCountry />
      <ManufactureItemDescription />
      <UnitQty>י"ח</UnitQty>
      <Quantity>125</Quantity>
      <UnitMeasure>ל  מ"ל</UnitMeasure>
      <BisWeighted>0</BisWeighted>
      <QtyInPackage>1</QtyInPackage>
      <ItemPrice>2.90</ItemPrice>
      <UnitOfMeasurePrice>2.32</UnitOfMeasurePrice>
      <AllowDiscount>1</AllowDiscount>
      <itemStatus>1</itemStatus>
      <LastUpdateDate />
      <LastUpdateTime />
    </Product>
    <Product>
      <PriceUpdateDate>2020/01/02 12:29</PriceUpdateDate>
      <ItemCode>7290004120061</ItemCode>
      <ItemType>1</ItemType>
      <ItemName>קרלו שוקו וניל</ItemName>
      <ManufactureName>תנובה בעמ ***</ManufactureName>
      <ManufactureCountry />
      <ManufactureItemDescription />
      <UnitQty>י"ח</UnitQty>
      <Quantity>125</Quantity>
      <UnitMeasure>ל  מ"ל</UnitMeasure>
      <BisWeighted>0</BisWeighted>
      <QtyInPackage>1</QtyInPackage>
      <ItemPrice>2.90</ItemPrice>
      <UnitOfMeasurePrice>2.32</UnitOfMeasurePrice>
      <AllowDiscount>1</AllowDiscount>
      <itemStatus>1</itemStatus>
      <LastUpdateDate />
      <LastUpdateTime />
    </Product>
    <Product>
      <PriceUpdateDate>2020/01/02 12:29</PriceUpdateDate>
      <ItemCode>7290004120108</ItemCode>
      <ItemType>1</ItemType>
      <ItemName>דיאט יופלה טוויגי דובדבן</ItemName>
      <ManufactureName>תנובה בעמ ***</ManufactureName>
      <ManufactureCountry />
      <ManufactureItemDescription />
      <UnitQty>י"ח</UnitQty>
      <Quantity>150</Quantity>
      <UnitMeasure>ל  מ"ל</UnitMeasure>
      <BisWeighted>0</BisWeighted>
      <QtyInPackage>1</QtyInPackage>
      <ItemPrice>4.80</ItemPrice>
      <UnitOfMeasurePrice>3.20</UnitOfMeasurePrice>
      <AllowDiscount>0</AllowDiscount>
      <itemStatus>1</itemStatus>
      <LastUpdateDate />
      <LastUpdateTime />
    </Product>
    <Product>
      <PriceUpdateDate>2020/01/02 12:29</PriceUpdateDate>
      <ItemCode>7290004120573</ItemCode>
      <ItemType>1</ItemType>
      <ItemName>פריאוס בולגרית 16%</ItemName>
      <ManufactureName>תנובה בעמ ***</ManufactureName>
      <ManufactureCountry />
      <ManufactureItemDescription />
      <UnitQty>י"ח</UnitQty>
      <Quantity>250</Quantity>
      <UnitMeasure>ל  גרם</UnitMeasure>
      <BisWeighted>0</BisWeighted>
      <QtyInPackage>1</QtyInPackage>
      <ItemPrice>21.90</ItemPrice>
      <UnitOfMeasurePrice>8.76</UnitOfMeasurePrice>
      <AllowDiscount>1</AllowDiscount>
      <itemStatus>1</itemStatus>
      <LastUpdateDate />
      <LastUpdateTime />
    </Product>
    <Product>
      <PriceUpdateDate>2020/01/02 12:29</PriceUpdateDate>
      <ItemCode>7290004120634</ItemCode>
      <ItemType>1</ItemType>
      <ItemName>~ב. פיראוס</ItemName>
      <ManufactureName>תנובה בעמ ***</ManufactureName>
      <ManufactureCountry />
      <ManufactureItemDescription />
      <UnitQty>י"ח</UnitQty>
      <Quantity>250</Quantity>
      <UnitMeasure>ל  גרם</UnitMeasure>
      <BisWeighted>0</BisWeighted>
      <QtyInPackage>1</QtyInPackage>
      <ItemPrice>21.90</ItemPrice>
      <UnitOfMeasurePrice>8.76</UnitOfMeasurePrice>
      <AllowDiscount>1</AllowDiscount>
      <itemStatus>1</itemStatus>
      <LastUpdateDate />
      <LastUpdateTime />
    </Product>
    <Product>
      <PriceUpdateDate>2020/01/02 12:29</PriceUpdateDate>
      <ItemCode>7290004121488</ItemCode>
      <ItemType>1</ItemType>
      <ItemName>דיאט יופלה אפרסק</ItemName>
      <ManufactureName>תנובה בעמ ***</ManufactureName>
      <ManufactureCountry />
      <ManufactureItemDescription />
      <UnitQty>י"ח</UnitQty>
      <Quantity>150</Quantity>
      <UnitMeasure>ל  מ"ל</UnitMeasure>
      <BisWeighted>0</BisWeighted>
      <QtyInPackage>1</QtyInPackage>
      <ItemPrice>4.80</ItemPrice>
      <UnitOfMeasurePrice>3.20</UnitOfMeasurePrice>
      <AllowDiscount>0</AllowDiscount>
      <itemStatus>1</itemStatus>
      <LastUpdateDate />
      <LastUpdateTime />
    </Product>
    <Product>
      <PriceUpdateDate>2020/01/02 12:29</PriceUpdateDate>
      <ItemCode>7290004121754</ItemCode>
      <ItemType>1</ItemType>
      <ItemName>יופלה קרם יוגורט</ItemName>
      <ManufactureName>תנובה בעמ ***</ManufactureName>
      <ManufactureCountry />
      <ManufactureItemDescription />
      <UnitQty>י"ח</UnitQty>
      <Quantity>150</Quantity>
      <UnitMeasure>ל  מ"ל</UnitMeasure>
      <BisWeighted>0</BisWeighted>
      <QtyInPackage>1</QtyInPackage>
      <ItemPrice>4.80</ItemPrice>
      <UnitOfMeasurePrice>3.20</UnitOfMeasurePrice>
      <AllowDiscount>0</AllowDiscount>
      <itemStatus>1</itemStatus>
      <LastUpdateDate />
      <LastUpdateTime />
    </Product>
    <Product>
      <PriceUpdateDate>2020/01/02 12:29</PriceUpdateDate>
      <ItemCode>7290004121853</ItemCode>
      <ItemType>1</ItemType>
      <ItemName>פיראוס בולגרית קוביות 5%</ItemName>
      <ManufactureName>תנובה בעמ ***</ManufactureName>
      <ManufactureCountry />
      <ManufactureItemDescription />
      <UnitQty>י"ח</UnitQty>
      <Quantity>200</Quantity>
      <UnitMeasure>ל  גרם</UnitMeasure>
      <BisWeighted>0</BisWeighted>
      <QtyInPackage>1</QtyInPackage>
      <ItemPrice>19.90</ItemPrice>
      <UnitOfMeasurePrice>9.95</UnitOfMeasurePrice>
      <AllowDiscount>1</AllowDiscount>
      <itemStatus>1</itemStatus>
      <LastUpdateDate />
      <LastUpdateTime />
    </Product>
    <Product>
      <PriceUpdateDate>2020/01/02 12:29</PriceUpdateDate>
      <ItemCode>7290004122119</ItemCode>
      <ItemType>1</ItemType>
      <ItemName>פתיתי פרמזן לפסט</ItemName>
      <ManufactureName>תנובה בעמ ***</ManufactureName>
      <ManufactureCountry />
      <ManufactureItemDescription />
      <UnitQty>י"ח</UnitQty>
      <Quantity>1</Quantity>
      <UnitMeasure />
      <BisWeighted>0</BisWeighted>
      <QtyInPackage>1</QtyInPackage>
      <ItemPrice>10.90</ItemPrice>
      <UnitOfMeasurePrice>10.90</UnitOfMeasurePrice>
      <AllowDiscount>0</AllowDiscount>
      <itemStatus>1</itemStatus>
      <LastUpdateDate />
      <LastUpdateTime />
    </Product>
    <Product>
      <PriceUpdateDate>2020/03/08 09:58</PriceUpdateDate>
      <ItemCode>7290004122195</ItemCode>
      <ItemType>1</ItemType>
      <ItemName>גוש   חלב}מהדרין {200ג`</ItemName>
      <ManufactureName>תנובה בעמ ***</ManufactureName>
      <ManufactureCountry />
      <ManufactureItemDescription />
      <UnitQty>י"ח</UnitQty>
      <Quantity>200</Quantity>
      <UnitMeasure>ל  גרם</UnitMeasure>
      <BisWeighted>0</BisWeighted>
      <QtyInPackage>1</QtyInPackage>
      <ItemPrice>13.90</ItemPrice>
      <UnitOfMeasurePrice>6.95</UnitOfMeasurePrice>
      <AllowDiscount>1</AllowDiscount>
      <itemStatus>1</itemStatus>
      <LastUpdateDate />
      <LastUpdateTime />
    </Product>
    <Product>
      <PriceUpdateDate>2020/01/02 12:29</PriceUpdateDate>
      <ItemCode>7290004122348</ItemCode>
      <ItemType>1</ItemType>
      <ItemName>~עמק לייט 200 ג`</ItemName>
      <ManufactureName>תנובה בעמ ***</ManufactureName>
      <ManufactureCountry />
      <ManufactureItemDescription />
      <UnitQty>י"ח</UnitQty>
      <Quantity>200</Quantity>
      <UnitMeasure>ל  גרם</UnitMeasure>
      <BisWeighted>0</BisWeighted>
      <QtyInPackage>1</QtyInPackage>
      <ItemPrice>16.90</ItemPrice>
      <UnitOfMeasurePrice>8.45</UnitOfMeasurePrice>
      <AllowDiscount>0</AllowDiscount>
      <itemStatus>1</itemStatus>
      <LastUpdateDate />
      <LastUpdateTime />
    </Product>
    <Product>
      <PriceUpdateDate>2020/01/02 12:29</PriceUpdateDate>
      <ItemCode>7290004122676</ItemCode>
      <ItemType>1</ItemType>
      <ItemName>חמד גבינה תנובה</ItemName>
      <ManufactureName>תנובה בעמ ***</ManufactureName>
      <ManufactureCountry />
      <ManufactureItemDescription />
      <UnitQty>י"ח</UnitQty>
      <Quantity>250</Quantity>
      <UnitMeasure>ל  גרם</UnitMeasure>
      <BisWeighted>0</BisWeighted>
      <QtyInPackage>1</QtyInPackage>
      <ItemPrice>17.90</ItemPrice>
      <UnitOfMeasurePrice>7.16</UnitOfMeasurePrice>
      <AllowDiscount>1</AllowDiscount>
      <itemStatus>1</itemStatus>
      <LastUpdateDate />
      <LastUpdateTime />
    </Product>
    <Product>
      <PriceUpdateDate>2019/05/15 11:50</PriceUpdateDate>
      <ItemCode>7290004122683</ItemCode>
      <ItemType>1</ItemType>
      <ItemName>אצבעות עמק</ItemName>
      <ManufactureName>תנובה בעמ ***</ManufactureName>
      <ManufactureCountry />
      <ManufactureItemDescription />
      <UnitQty>י"ח</UnitQty>
      <Quantity>172</Quantity>
      <UnitMeasure>ל  גרם</UnitMeasure>
      <BisWeighted>0</BisWeighted>
      <QtyInPackage>1</QtyInPackage>
      <ItemPrice>15.90</ItemPrice>
      <UnitOfMeasurePrice>9.24</UnitOfMeasurePrice>
      <AllowDiscount>0</AllowDiscount>
      <itemStatus>1</itemStatus>
      <LastUpdateDate />
      <LastUpdateTime />
    </Product>
    <Product>
      <PriceUpdateDate>2020/01/02 12:29</PriceUpdateDate>
      <ItemCode>7290004124205</ItemCode>
      <ItemType>1</ItemType>
      <ItemName>דיאט יופלה תות טוויגי תות 0%</ItemName>
      <ManufactureName>תנובה בעמ ***</ManufactureName>
      <ManufactureCountry />
      <ManufactureItemDescription />
      <UnitQty>י"ח</UnitQty>
      <Quantity>150</Quantity>
      <UnitMeasure>ל  מ"ל</UnitMeasure>
      <BisWeighted>0</BisWeighted>
      <QtyInPackage>1</QtyInPackage>
      <ItemPrice>4.80</ItemPrice>
      <UnitOfMeasurePrice>3.20</UnitOfMeasurePrice>
      <AllowDiscount>0</AllowDiscount>
      <itemStatus>1</itemStatus>
      <LastUpdateDate />
      <LastUpdateTime />
    </Product>
    <Product>
      <PriceUpdateDate>2020/01/02 12:29</PriceUpdateDate>
      <ItemCode>7290004124892</ItemCode>
      <ItemType>1</ItemType>
      <ItemName>יופלה פירות יבשים</ItemName>
      <ManufactureName>תנובה בעמ ***</ManufactureName>
      <ManufactureCountry />
      <ManufactureItemDescription />
      <UnitQty>י"ח</UnitQty>
      <Quantity>150</Quantity>
      <UnitMeasure>ל  מ"ל</UnitMeasure>
      <BisWeighted>0</BisWeighted>
      <QtyInPackage>1</QtyInPackage>
      <ItemPrice>4.80</ItemPrice>
      <UnitOfMeasurePrice>3.20</UnitOfMeasurePrice>
      <AllowDiscount>0</AllowDiscount>
      <itemStatus>1</itemStatus>
      <LastUpdateDate />
      <LastUpdateTime />
    </Product>
    <Product>
      <PriceUpdateDate>2020/01/02 12:29</PriceUpdateDate>
      <ItemCode>7290004125370</ItemCode>
      <ItemType>1</ItemType>
      <ItemName>שמנת 9% 200 ג</ItemName>
      <ManufactureName>תנובה בעמ ***</ManufactureName>
      <ManufactureCountry />
      <ManufactureItemDescription />
      <UnitQty>י"ח</UnitQty>
      <Quantity>200</Quantity>
      <UnitMeasure>ל  מ"ל</UnitMeasure>
      <BisWeighted>0</BisWeighted>
      <QtyInPackage>1</QtyInPackage>
      <ItemPrice>3.50</ItemPrice>
      <UnitOfMeasurePrice>1.75</UnitOfMeasurePrice>
      <AllowDiscount>0</AllowDiscount>
      <itemStatus>1</itemStatus>
      <LastUpdateDate />
      <LastUpdateTime />
    </Product>
    <Product>
      <PriceUpdateDate>2019/06/16 12:42</PriceUpdateDate>
      <ItemCode>7290004125400</ItemCode>
      <ItemType>1</ItemType>
      <ItemName>אשל  *4.5%</ItemName>
      <ManufactureName>תנובה בעמ ***</ManufactureName>
      <ManufactureCountry />
      <ManufactureItemDescription />
      <UnitQty>י"ח</UnitQty>
      <Quantity>200</Quantity>
      <UnitMeasure>ל  מ"ל</UnitMeasure>
      <BisWeighted>0</BisWeighted>
      <QtyInPackage>1</QtyInPackage>
      <ItemPrice>1.61</ItemPrice>
      <UnitOfMeasurePrice>0.81</UnitOfMeasurePrice>
      <AllowDiscount>0</AllowDiscount>
      <itemStatus>1</itemStatus>
      <LastUpdateDate />
      <LastUpdateTime />
    </Product>
    <Product>
      <PriceUpdateDate>2019/06/16 12:42</PriceUpdateDate>
      <ItemCode>7290004125417</ItemCode>
      <ItemType>1</ItemType>
      <ItemName>גיל  *3% 200 ג`</ItemName>
      <ManufactureName>תנובה בעמ ***</ManufactureName>
      <ManufactureCountry />
      <ManufactureItemDescription />
      <UnitQty>י"ח</UnitQty>
      <Quantity>200</Quantity>
      <UnitMeasure>ל  גרם</UnitMeasure>
      <BisWeighted>0</BisWeighted>
      <QtyInPackage>1</QtyInPackage>
      <ItemPrice>1.44</ItemPrice>
      <UnitOfMeasurePrice>0.72</UnitOfMeasurePrice>
      <AllowDiscount>0</AllowDiscount>
      <itemStatus>1</itemStatus>
      <LastUpdateDate />
      <LastUpdateTime />
    </Product>
    <Product>
      <PriceUpdateDate>2019/06/16 12:42</PriceUpdateDate>
      <ItemCode>7290004125455</ItemCode>
      <ItemType>1</ItemType>
      <ItemName>שמנת תנובה 15% מהדרין 200 מ"ל *</ItemName>
      <ManufactureName>תנובה בעמ ***</ManufactureName>
      <ManufactureCountry />
      <ManufactureItemDescription />
      <UnitQty>י"ח</UnitQty>
      <Quantity>200</Quantity>
      <UnitMeasure>ל  מ"ל</UnitMeasure>
      <BisWeighted>0</BisWeighted>
      <QtyInPackage>1</QtyInPackage>
      <ItemPrice>2.28</ItemPrice>
      <UnitOfMeasurePrice>1.14</UnitOfMeasurePrice>
      <AllowDiscount>0</AllowDiscount>
      <itemStatus>1</itemStatus>
      <LastUpdateDate />
      <LastUpdateTime />
    </Product>
    <Product>
      <PriceUpdateDate>2019/06/16 12:42</PriceUpdateDate>
      <ItemCode>7290004125462</ItemCode>
      <ItemType>1</ItemType>
      <ItemName>שמנת חמוצה 15% 500 ג*</ItemName>
      <ManufactureName>תנובה בעמ ***</ManufactureName>
      <ManufactureCountry />
      <ManufactureItemDescription />
      <UnitQty>י"ח</UnitQty>
      <Quantity>500</Quantity>
      <UnitMeasure>ל  מ"ל</UnitMeasure>
      <BisWeighted>0</BisWeighted>
      <QtyInPackage>1</QtyInPackage>
      <ItemPrice>5.70</ItemPrice>
      <UnitOfMeasurePrice>1.14</UnitOfMeasurePrice>
      <AllowDiscount>0</AllowDiscount>
      <itemStatus>1</itemStatus>
      <LastUpdateDate />
      <LastUpdateTime />
    </Product>
    <Product>
      <PriceUpdateDate>2020/01/02 12:29</PriceUpdateDate>
      <ItemCode>7290004125509</ItemCode>
      <ItemType>1</ItemType>
      <ItemName>שמנת תנובה 15% חצי מנה 100 מ"ל</ItemName>
      <ManufactureName>תנובה בעמ ***</ManufactureName>
      <ManufactureCountry />
      <ManufactureItemDescription />
      <UnitQty>י"ח</UnitQty>
      <Quantity>100</Quantity>
      <UnitMeasure>ל  מ"ל</UnitMeasure>
      <BisWeighted>0</BisWeighted>
      <QtyInPackage>1</QtyInPackage>
      <ItemPrice>1.60</ItemPrice>
      <UnitOfMeasurePrice>1.60</UnitOfMeasurePrice>
      <AllowDiscount>0</AllowDiscount>
      <itemStatus>1</itemStatus>
      <LastUpdateDate />
      <LastUpdateTime />
    </Product>
    <Product>
      <PriceUpdateDate>2020/01/02 12:29</PriceUpdateDate>
      <ItemCode>7290004125578</ItemCode>
      <ItemType>1</ItemType>
      <ItemName>משקה סויה מועשר בסידן 1 ל`</ItemName>
      <ManufactureName>תנובה בעמ ***</ManufactureName>
      <ManufactureCountry />
      <ManufactureItemDescription />
      <UnitQty>י"ח</UnitQty>
      <Quantity>1</Quantity>
      <UnitMeasure>ליטר</UnitMeasure>
      <BisWeighted>0</BisWeighted>
      <QtyInPackage>1</QtyInPackage>
      <ItemPrice>9.90</ItemPrice>
      <UnitOfMeasurePrice>9.90</UnitOfMeasurePrice>
      <AllowDiscount>1</AllowDiscount>
      <itemStatus>1</itemStatus>
      <LastUpdateDate />
      <LastUpdateTime />
    </Product>
    <Product>
      <PriceUpdateDate>2020/01/02 12:29</PriceUpdateDate>
      <ItemCode>7290004125585</ItemCode>
      <ItemType>1</ItemType>
      <ItemName>משקה סויה על הבוקר</ItemName>
      <ManufactureName>תנובה בעמ ***</ManufactureName>
      <ManufactureCountry />
      <ManufactureItemDescription />
      <UnitQty>י"ח</UnitQty>
      <Quantity>1</Quantity>
      <UnitMeasure>ליטר</UnitMeasure>
      <BisWeighted>0</BisWeighted>
      <QtyInPackage>1</QtyInPackage>
      <ItemPrice>9.90</ItemPrice>
      <UnitOfMeasurePrice>9.90</UnitOfMeasurePrice>
      <AllowDiscount>1</AllowDiscount>
      <itemStatus>1</itemStatus>
      <LastUpdateDate />
      <LastUpdateTime />
    </Product>
    <Product>
      <PriceUpdateDate>2020/01/02 12:29</PriceUpdateDate>
      <ItemCode>7290004125721</ItemCode>
      <ItemType>1</ItemType>
      <ItemName>שמנת  לבישול השף תנובה</ItemName>
      <ManufactureName>תנובה בעמ ***</ManufactureName>
      <ManufactureCountry />
      <ManufactureItemDescription />
      <UnitQty>י"ח</UnitQty>
      <Quantity>250</Quantity>
      <UnitMeasure>ל  מ"ל</UnitMeasure>
      <BisWeighted>0</BisWeighted>
      <QtyInPackage>1</QtyInPackage>
      <ItemPrice>7.90</ItemPrice>
      <UnitOfMeasurePrice>3.16</UnitOfMeasurePrice>
      <AllowDiscount>0</AllowDiscount>
      <itemStatus>1</itemStatus>
      <LastUpdateDate />
      <LastUpdateTime />
    </Product>
    <Product>
      <PriceUpdateDate>2020/01/02 12:29</PriceUpdateDate>
      <ItemCode>7290004125776</ItemCode>
      <ItemType>1</ItemType>
      <ItemName>עמק פרוס בקופסא 400 גרם</ItemName>
      <ManufactureName>תנובה בעמ ***</ManufactureName>
      <ManufactureCountry />
      <ManufactureItemDescription />
      <UnitQty>י"ח</UnitQty>
      <Quantity>400</Quantity>
      <UnitMeasure>ל  גרם</UnitMeasure>
      <BisWeighted>0</BisWeighted>
      <QtyInPackage>1</QtyInPackage>
      <ItemPrice>27.90</ItemPrice>
      <UnitOfMeasurePrice>6.98</UnitOfMeasurePrice>
      <AllowDiscount>0</AllowDiscount>
      <itemStatus>1</itemStatus>
      <LastUpdateDate />
      <LastUpdateTime />
    </Product>
    <Product>
      <PriceUpdateDate>2020/01/02 12:29</PriceUpdateDate>
      <ItemCode>7290004126759</ItemCode>
      <ItemType>1</ItemType>
      <ItemName>דאיט יופלה פירות יער טו יוג פרי 150גר.</ItemName>
      <ManufactureName>תנובה בעמ ***</ManufactureName>
      <ManufactureCountry />
      <ManufactureItemDescription />
      <UnitQty>י"ח</UnitQty>
      <Quantity>150</Quantity>
      <UnitMeasure>ל  מ"ל</UnitMeasure>
      <BisWeighted>0</BisWeighted>
      <QtyInPackage>1</QtyInPackage>
      <ItemPrice>4.80</ItemPrice>
      <UnitOfMeasurePrice>3.20</UnitOfMeasurePrice>
      <AllowDiscount>0</AllowDiscount>
      <itemStatus>1</itemStatus>
      <LastUpdateDate />
      <LastUpdateTime />
    </Product>
    <Product>
      <PriceUpdateDate>2020/03/08 09:58</PriceUpdateDate>
      <ItemCode>7290004127077</ItemCode>
      <ItemType>1</ItemType>
      <ItemName>קוטג  תנובה 3% 250</ItemName>
      <ManufactureName>תנובה בעמ ***</ManufactureName>
      <ManufactureCountry />
      <ManufactureItemDescription />
      <UnitQty>י"ח</UnitQty>
      <Quantity>250</Quantity>
      <UnitMeasure>ל  גרם</UnitMeasure>
      <BisWeighted>0</BisWeighted>
      <QtyInPackage>1</QtyInPackage>
      <ItemPrice>5.60</ItemPrice>
      <UnitOfMeasurePrice>2.24</UnitOfMeasurePrice>
      <AllowDiscount>1</AllowDiscount>
      <itemStatus>1</itemStatus>
      <LastUpdateDate />
      <LastUpdateTime />
    </Product>
    <Product>
      <PriceUpdateDate>2019/06/16 12:42</PriceUpdateDate>
      <ItemCode>7290004127800</ItemCode>
      <ItemType>1</ItemType>
      <ItemName>גבינה 5% 500 גרם*תנובה</ItemName>
      <ManufactureName>תנובה בעמ ***</ManufactureName>
      <ManufactureCountry />
      <ManufactureItemDescription />
      <UnitQty>י"ח</UnitQty>
      <Quantity>500</Quantity>
      <UnitMeasure>ל  גרם</UnitMeasure>
      <BisWeighted>0</BisWeighted>
      <QtyInPackage>1</QtyInPackage>
      <ItemPrice>9.50</ItemPrice>
      <UnitOfMeasurePrice>1.90</UnitOfMeasurePrice>
      <AllowDiscount>0</AllowDiscount>
      <itemStatus>1</itemStatus>
      <LastUpdateDate />
      <LastUpdateTime />
    </Product>
    <Product>
      <PriceUpdateDate>2020/01/02 12:29</PriceUpdateDate>
      <ItemCode>7290004127817</ItemCode>
      <ItemType>1</ItemType>
      <ItemName>גבינה 9% 500 גרם תנובה</ItemName>
      <ManufactureName>תנובה בעמ ***</ManufactureName>
      <ManufactureCountry />
      <ManufactureItemDescription />
      <UnitQty>י"ח</UnitQty>
      <Quantity>500</Quantity>
      <UnitMeasure>ל  גרם</UnitMeasure>
      <BisWeighted>0</BisWeighted>
      <QtyInPackage>1</QtyInPackage>
      <ItemPrice>9.20</ItemPrice>
      <UnitOfMeasurePrice>1.84</UnitOfMeasurePrice>
      <AllowDiscount>0</AllowDiscount>
      <itemStatus>1</itemStatus>
      <LastUpdateDate />
      <LastUpdateTime />
    </Product>
    <Product>
      <PriceUpdateDate>2019/06/16 12:42</PriceUpdateDate>
      <ItemCode>7290004127862</ItemCode>
      <ItemType>1</ItemType>
      <ItemName>גבינה לבנה תנובה  5% 750  ג"ר*</ItemName>
      <ManufactureName>תנובה בעמ ***</ManufactureName>
      <ManufactureCountry />
      <ManufactureItemDescription />
      <UnitQty>י"ח</UnitQty>
      <Quantity>750</Quantity>
      <UnitMeasure>ל  גרם</UnitMeasure>
      <BisWeighted>0</BisWeighted>
      <QtyInPackage>1</QtyInPackage>
      <ItemPrice>14.25</ItemPrice>
      <UnitOfMeasurePrice>1.90</UnitOfMeasurePrice>
      <AllowDiscount>0</AllowDiscount>
      <itemStatus>1</itemStatus>
      <LastUpdateDate />
      <LastUpdateTime />
    </Product>
    <Product>
      <PriceUpdateDate>2020/01/02 12:29</PriceUpdateDate>
      <ItemCode>7290004128364</ItemCode>
      <ItemType>1</ItemType>
      <ItemName>גבינת שמנת קרם זיתים</ItemName>
      <ManufactureName>תנובה בעמ ***</ManufactureName>
      <ManufactureCountry />
      <ManufactureItemDescription />
      <UnitQty>י"ח</UnitQty>
      <Quantity>200</Quantity>
      <UnitMeasure>ל  גרם</UnitMeasure>
      <BisWeighted>0</BisWeighted>
      <QtyInPackage>1</QtyInPackage>
      <ItemPrice>10.90</ItemPrice>
      <UnitOfMeasurePrice>5.45</UnitOfMeasurePrice>
      <AllowDiscount>0</AllowDiscount>
      <itemStatus>1</itemStatus>
      <LastUpdateDate />
      <LastUpdateTime />
    </Product>
    <Product>
      <PriceUpdateDate>2020/01/02 12:29</PriceUpdateDate>
      <ItemCode>7290004129101</ItemCode>
      <ItemType>1</ItemType>
      <ItemName>נפוליאון טבעי</ItemName>
      <ManufactureName>תנובה בעמ ***</ManufactureName>
      <ManufactureCountry />
      <ManufactureItemDescription />
      <UnitQty>י"ח</UnitQty>
      <Quantity>225</Quantity>
      <UnitMeasure>ל  גרם</UnitMeasure>
      <BisWeighted>0</BisWeighted>
      <QtyInPackage>1</QtyInPackage>
      <ItemPrice>12.90</ItemPrice>
      <UnitOfMeasurePrice>5.73</UnitOfMeasurePrice>
      <AllowDiscount>0</AllowDiscount>
      <itemStatus>1</itemStatus>
      <LastUpdateDate />
      <LastUpdateTime />
    </Product>
    <Product>
      <PriceUpdateDate>2020/01/02 12:29</PriceUpdateDate>
      <ItemCode>7290004129118</ItemCode>
      <ItemType>1</ItemType>
      <ItemName>נפוליאון עם זיתי 225 ג`</ItemName>
      <ManufactureName>תנובה בעמ ***</ManufactureName>
      <ManufactureCountry />
      <ManufactureItemDescription />
      <UnitQty>י"ח</UnitQty>
      <Quantity>225</Quantity>
      <UnitMeasure>ל  גרם</UnitMeasure>
      <BisWeighted>0</BisWeighted>
      <QtyInPackage>1</QtyInPackage>
      <ItemPrice>12.90</ItemPrice>
      <UnitOfMeasurePrice>5.73</UnitOfMeasurePrice>
      <AllowDiscount>0</AllowDiscount>
      <itemStatus>1</itemStatus>
      <LastUpdateDate />
      <LastUpdateTime />
    </Product>
    <Product>
      <PriceUpdateDate>2020/01/02 12:29</PriceUpdateDate>
      <ItemCode>7290004129156</ItemCode>
      <ItemType>1</ItemType>
      <ItemName>נפוליאון 30% שומ</ItemName>
      <ManufactureName>תנובה בעמ ***</ManufactureName>
      <ManufactureCountry />
      <ManufactureItemDescription />
      <UnitQty>י"ח</UnitQty>
      <Quantity>225</Quantity>
      <UnitMeasure>ל  גרם</UnitMeasure>
      <BisWeighted>0</BisWeighted>
      <QtyInPackage>1</QtyInPackage>
      <ItemPrice>12.90</ItemPrice>
      <UnitOfMeasurePrice>5.73</UnitOfMeasurePrice>
      <AllowDiscount>0</AllowDiscount>
      <itemStatus>1</itemStatus>
      <LastUpdateDate />
      <LastUpdateTime />
    </Product>
    <Product>
      <PriceUpdateDate>2020/01/02 12:29</PriceUpdateDate>
      <ItemCode>7290004129545</ItemCode>
      <ItemType>1</ItemType>
      <ItemName>גבינה לבנה  תנובה 3% 250 גרם</ItemName>
      <ManufactureName>תנובה בעמ ***</ManufactureName>
      <ManufactureCountry />
      <ManufactureItemDescription />
      <UnitQty>י"ח</UnitQty>
      <Quantity>250</Quantity>
      <UnitMeasure>ל  גרם</UnitMeasure>
      <BisWeighted>0</BisWeighted>
      <QtyInPackage>1</QtyInPackage>
      <ItemPrice>4.70</ItemPrice>
      <UnitOfMeasurePrice>1.88</UnitOfMeasurePrice>
      <AllowDiscount>1</AllowDiscount>
      <itemStatus>1</itemStatus>
      <LastUpdateDate />
      <LastUpdateTime />
    </Product>
    <Product>
      <PriceUpdateDate>2020/01/02 12:29</PriceUpdateDate>
      <ItemCode>7290004129668</ItemCode>
      <ItemType>1</ItemType>
      <ItemName>און טופ יופלה עם פצפוצי שוקולד</ItemName>
      <ManufactureName>תנובה בעמ ***</ManufactureName>
      <ManufactureCountry />
      <ManufactureItemDescription />
      <UnitQty>י"ח</UnitQty>
      <Quantity>150</Quantity>
      <UnitMeasure>ל  מ"ל</UnitMeasure>
      <BisWeighted>0</BisWeighted>
      <QtyInPackage>1</QtyInPackage>
      <ItemPrice>5.20</ItemPrice>
      <UnitOfMeasurePrice>3.47</UnitOfMeasurePrice>
      <AllowDiscount>0</AllowDiscount>
      <itemStatus>1</itemStatus>
      <LastUpdateDate />
      <LastUpdateTime />
    </Product>
    <Product>
      <PriceUpdateDate>2020/01/02 12:29</PriceUpdateDate>
      <ItemCode>7290004129736</ItemCode>
      <ItemType>1</ItemType>
      <ItemName>קרם יוגורט שווה 1.5%</ItemName>
      <ManufactureName>תנובה בעמ ***</ManufactureName>
      <ManufactureCountry />
      <ManufactureItemDescription />
      <UnitQty>י"ח</UnitQty>
      <Quantity>200</Quantity>
      <UnitMeasure>ל  מ"ל</UnitMeasure>
      <BisWeighted>0</BisWeighted>
      <QtyInPackage>1</QtyInPackage>
      <ItemPrice>4.20</ItemPrice>
      <UnitOfMeasurePrice>2.10</UnitOfMeasurePrice>
      <AllowDiscount>0</AllowDiscount>
      <itemStatus>1</itemStatus>
      <LastUpdateDate />
      <LastUpdateTime />
    </Product>
    <Product>
      <PriceUpdateDate>2020/01/02 12:29</PriceUpdateDate>
      <ItemCode>7290004129767</ItemCode>
      <ItemType>1</ItemType>
      <ItemName>מאגדת  יופלה 8   יח`קרם יוגורט</ItemName>
      <ManufactureName>תנובה בעמ ***</ManufactureName>
      <ManufactureCountry />
      <ManufactureItemDescription />
      <UnitQty>י"ח</UnitQty>
      <Quantity>1.20</Quantity>
      <UnitMeasure>ליטר</UnitMeasure>
      <BisWeighted>0</BisWeighted>
      <QtyInPackage>1</QtyInPackage>
      <ItemPrice>16.90</ItemPrice>
      <UnitOfMeasurePrice>14.08</UnitOfMeasurePrice>
      <AllowDiscount>1</AllowDiscount>
      <itemStatus>1</itemStatus>
      <LastUpdateDate />
      <LastUpdateTime />
    </Product>
    <Product>
      <PriceUpdateDate>2020/01/02 12:29</PriceUpdateDate>
      <ItemCode>7290004130794</ItemCode>
      <ItemType>1</ItemType>
      <ItemName>משקה סויה מעושר טבעי 1 ל</ItemName>
      <ManufactureName>תנובה בעמ ***</ManufactureName>
      <ManufactureCountry />
      <ManufactureItemDescription />
      <UnitQty>י"ח</UnitQty>
      <Quantity>1</Quantity>
      <UnitMeasure>ליטר</UnitMeasure>
      <BisWeighted>0</BisWeighted>
      <QtyInPackage>1</QtyInPackage>
      <ItemPrice>9.90</ItemPrice>
      <UnitOfMeasurePrice>9.90</UnitOfMeasurePrice>
      <AllowDiscount>1</AllowDiscount>
      <itemStatus>1</itemStatus>
      <LastUpdateDate />
      <LastUpdateTime />
    </Product>
    <Product>
      <PriceUpdateDate>2020/01/02 12:29</PriceUpdateDate>
      <ItemCode>7290004130916</ItemCode>
      <ItemType>1</ItemType>
      <ItemName>יופלה  פירות יער בשמנת</ItemName>
      <ManufactureName>תנובה בעמ ***</ManufactureName>
      <ManufactureCountry />
      <ManufactureItemDescription />
      <UnitQty>י"ח</UnitQty>
      <Quantity>150</Quantity>
      <UnitMeasure>ל  מ"ל</UnitMeasure>
      <BisWeighted>0</BisWeighted>
      <QtyInPackage>1</QtyInPackage>
      <ItemPrice>4.80</ItemPrice>
      <UnitOfMeasurePrice>3.20</UnitOfMeasurePrice>
      <AllowDiscount>0</AllowDiscount>
      <itemStatus>1</itemStatus>
      <LastUpdateDate />
      <LastUpdateTime />
    </Product>
    <Product>
      <PriceUpdateDate>2020/01/02 12:29</PriceUpdateDate>
      <ItemCode>7290004131432</ItemCode>
      <ItemType>1</ItemType>
      <ItemName>קרם יוגורט ביו עדכני 3%</ItemName>
      <ManufactureName>תנובה בעמ ***</ManufactureName>
      <ManufactureCountry />
      <ManufactureItemDescription />
      <UnitQty>י"ח</UnitQty>
      <Quantity>200</Quantity>
      <UnitMeasure>ל  מ"ל</UnitMeasure>
      <BisWeighted>0</BisWeighted>
      <QtyInPackage>1</QtyInPackage>
      <ItemPrice>3.70</ItemPrice>
      <UnitOfMeasurePrice>1.85</UnitOfMeasurePrice>
      <AllowDiscount>0</AllowDiscount>
      <itemStatus>1</itemStatus>
      <LastUpdateDate />
      <LastUpdateTime />
    </Product>
    <Product>
      <PriceUpdateDate>2020/01/02 12:29</PriceUpdateDate>
      <ItemCode>7290004131531</ItemCode>
      <ItemType>1</ItemType>
      <ItemName>שוק שוקו בקבוק 1 ל</ItemName>
      <ManufactureName>תנובה בעמ ***</ManufactureName>
      <ManufactureCountry />
      <ManufactureItemDescription />
      <UnitQty>י"ח</UnitQty>
      <Quantity>1</Quantity>
      <UnitMeasure>ליטר</UnitMeasure>
      <BisWeighted>0</BisWeighted>
      <QtyInPackage>1</QtyInPackage>
      <ItemPrice>11.90</ItemPrice>
      <UnitOfMeasurePrice>11.90</UnitOfMeasurePrice>
      <AllowDiscount>1</AllowDiscount>
      <itemStatus>1</itemStatus>
      <LastUpdateDate />
      <LastUpdateTime />
    </Product>
    <Product>
      <PriceUpdateDate>2020/01/02 12:29</PriceUpdateDate>
      <ItemCode>7290004131814</ItemCode>
      <ItemType>1</ItemType>
      <ItemName>פיראוס צפתית 200 ג  5%</ItemName>
      <ManufactureName>תנובה בעמ ***</ManufactureName>
      <ManufactureCountry />
      <ManufactureItemDescription />
      <UnitQty>י"ח</UnitQty>
      <Quantity>200</Quantity>
      <UnitMeasure>ל  גרם</UnitMeasure>
      <BisWeighted>0</BisWeighted>
      <QtyInPackage>1</QtyInPackage>
      <ItemPrice>13.90</ItemPrice>
      <UnitOfMeasurePrice>6.95</UnitOfMeasurePrice>
      <AllowDiscount>1</AllowDiscount>
      <itemStatus>1</itemStatus>
      <LastUpdateDate />
      <LastUpdateTime />
    </Product>
    <Product>
      <PriceUpdateDate>2020/01/02 12:29</PriceUpdateDate>
      <ItemCode>4131845</ItemCode>
      <ItemType>0</ItemType>
      <ItemName>לאבנה 9% 750 גר`מהדרין</ItemName>
      <ManufactureName>תנובה בעמ ***</ManufactureName>
      <ManufactureCountry />
      <ManufactureItemDescription />
      <UnitQty>י"ח</UnitQty>
      <Quantity>750</Quantity>
      <UnitMeasure>ל  גרם</UnitMeasure>
      <BisWeighted>0</BisWeighted>
      <QtyInPackage>1</QtyInPackage>
      <ItemPrice>20.90</ItemPrice>
      <UnitOfMeasurePrice>2.79</UnitOfMeasurePrice>
      <AllowDiscount>1</AllowDiscount>
      <itemStatus>1</itemStatus>
      <LastUpdateDate />
      <LastUpdateTime />
    </Product>
    <Product>
      <PriceUpdateDate>2020/01/02 12:29</PriceUpdateDate>
      <ItemCode>7290004132170</ItemCode>
      <ItemType>1</ItemType>
      <ItemName>יופלה לבן 1.5%</ItemName>
      <ManufactureName>תנובה בעמ ***</ManufactureName>
      <ManufactureCountry />
      <ManufactureItemDescription />
      <UnitQty>י"ח</UnitQty>
      <Quantity>150</Quantity>
      <UnitMeasure>ל  מ"ל</UnitMeasure>
      <BisWeighted>0</BisWeighted>
      <QtyInPackage>1</QtyInPackage>
      <ItemPrice>3.20</ItemPrice>
      <UnitOfMeasurePrice>2.13</UnitOfMeasurePrice>
      <AllowDiscount>0</AllowDiscount>
      <itemStatus>1</itemStatus>
      <LastUpdateDate />
      <LastUpdateTime />
    </Product>
    <Product>
      <PriceUpdateDate>2020/01/02 12:29</PriceUpdateDate>
      <ItemCode>7290004132507</ItemCode>
      <ItemType>1</ItemType>
      <ItemName>און טופ יופלה דגנים</ItemName>
      <ManufactureName>תנובה בעמ ***</ManufactureName>
      <ManufactureCountry />
      <ManufactureItemDescription />
      <UnitQty>י"ח</UnitQty>
      <Quantity>150</Quantity>
      <UnitMeasure>ל  מ"ל</UnitMeasure>
      <BisWeighted>0</BisWeighted>
      <QtyInPackage>1</QtyInPackage>
      <ItemPrice>5.20</ItemPrice>
      <UnitOfMeasurePrice>3.47</UnitOfMeasurePrice>
      <AllowDiscount>0</AllowDiscount>
      <itemStatus>1</itemStatus>
      <LastUpdateDate />
      <LastUpdateTime />
    </Product>
    <Product>
      <PriceUpdateDate>2020/01/02 12:29</PriceUpdateDate>
      <ItemCode>7290004132552</ItemCode>
      <ItemType>1</ItemType>
      <ItemName>דיאט סויה טבעי 1 ליטר</ItemName>
      <ManufactureName>תנובה בעמ ***</ManufactureName>
      <ManufactureCountry />
      <ManufactureItemDescription />
      <UnitQty>י"ח</UnitQty>
      <Quantity>1</Quantity>
      <UnitMeasure>ליטר</UnitMeasure>
      <BisWeighted>0</BisWeighted>
      <QtyInPackage>1</QtyInPackage>
      <ItemPrice>9.90</ItemPrice>
      <UnitOfMeasurePrice>9.90</UnitOfMeasurePrice>
      <AllowDiscount>1</AllowDiscount>
      <itemStatus>1</itemStatus>
      <LastUpdateDate />
      <LastUpdateTime />
    </Product>
    <Product>
      <PriceUpdateDate>2020/01/02 12:29</PriceUpdateDate>
      <ItemCode>7290004132606</ItemCode>
      <ItemType>1</ItemType>
      <ItemName>מאגדת קרלו מיני וניל</ItemName>
      <ManufactureName>תנובה בעמ ***</ManufactureName>
      <ManufactureCountry />
      <ManufactureItemDescription />
      <UnitQty>י"ח</UnitQty>
      <Quantity>800</Quantity>
      <UnitMeasure>ל  מ"ל</UnitMeasure>
      <BisWeighted>0</BisWeighted>
      <QtyInPackage>1</QtyInPackage>
      <ItemPrice>13.20</ItemPrice>
      <UnitOfMeasurePrice>1.65</UnitOfMeasurePrice>
      <AllowDiscount>1</AllowDiscount>
      <itemStatus>1</itemStatus>
      <LastUpdateDate />
      <LastUpdateTime />
    </Product>
    <Product>
      <PriceUpdateDate>2020/01/02 12:29</PriceUpdateDate>
      <ItemCode>7290004133207</ItemCode>
      <ItemType>1</ItemType>
      <ItemName>יופלה לבן 0% דיאט</ItemName>
      <ManufactureName>תנובה בעמ ***</ManufactureName>
      <ManufactureCountry />
      <ManufactureItemDescription />
      <UnitQty>י"ח</UnitQty>
      <Quantity>200</Quantity>
      <UnitMeasure>ל  מ"ל</UnitMeasure>
      <BisWeighted>0</BisWeighted>
      <QtyInPackage>1</QtyInPackage>
      <ItemPrice>3.70</ItemPrice>
      <UnitOfMeasurePrice>1.85</UnitOfMeasurePrice>
      <AllowDiscount>0</AllowDiscount>
      <itemStatus>1</itemStatus>
      <LastUpdateDate />
      <LastUpdateTime />
    </Product>
    <Product>
      <PriceUpdateDate>2020/01/02 12:29</PriceUpdateDate>
      <ItemCode>7290004133511</ItemCode>
      <ItemType>1</ItemType>
      <ItemName>יופלה לבן מאגדת שמיניה</ItemName>
      <ManufactureName>תנובה בעמ ***</ManufactureName>
      <ManufactureCountry />
      <ManufactureItemDescription />
      <UnitQty>י"ח</UnitQty>
      <Quantity>1.20</Quantity>
      <UnitMeasure>ליטר</UnitMeasure>
      <BisWeighted>0</BisWeighted>
      <QtyInPackage>1</QtyInPackage>
      <ItemPrice>19.90</ItemPrice>
      <UnitOfMeasurePrice>16.58</UnitOfMeasurePrice>
      <AllowDiscount>1</AllowDiscount>
      <itemStatus>1</itemStatus>
      <LastUpdateDate />
      <LastUpdateTime />
    </Product>
    <Product>
      <PriceUpdateDate>2020/01/02 12:29</PriceUpdateDate>
      <ItemCode>7290004133900</ItemCode>
      <ItemType>1</ItemType>
      <ItemName>קצפת צמחית השף הלבן</ItemName>
      <ManufactureName>תנובה בעמ ***</ManufactureName>
      <ManufactureCountry />
      <ManufactureItemDescription />
      <UnitQty>י"ח</UnitQty>
      <Quantity>250</Quantity>
      <UnitMeasure>ל  מ"ל</UnitMeasure>
      <BisWeighted>0</BisWeighted>
      <QtyInPackage>1</QtyInPackage>
      <ItemPrice>8.90</ItemPrice>
      <UnitOfMeasurePrice>3.56</UnitOfMeasurePrice>
      <AllowDiscount>0</AllowDiscount>
      <itemStatus>1</itemStatus>
      <LastUpdateDate />
      <LastUpdateTime />
    </Product>
    <Product>
      <PriceUpdateDate>2020/01/02 12:29</PriceUpdateDate>
      <ItemCode>7290004134945</ItemCode>
      <ItemType>1</ItemType>
      <ItemName>יופלה מוקה</ItemName>
      <ManufactureName>תנובה בעמ ***</ManufactureName>
      <ManufactureCountry />
      <ManufactureItemDescription />
      <UnitQty>י"ח</UnitQty>
      <Quantity>150</Quantity>
      <UnitMeasure>ל  מ"ל</UnitMeasure>
      <BisWeighted>0</BisWeighted>
      <QtyInPackage>1</QtyInPackage>
      <ItemPrice>4.80</ItemPrice>
      <UnitOfMeasurePrice>3.20</UnitOfMeasurePrice>
      <AllowDiscount>0</AllowDiscount>
      <itemStatus>1</itemStatus>
      <LastUpdateDate />
      <LastUpdateTime />
    </Product>
    <Product>
      <PriceUpdateDate>2020/01/02 12:29</PriceUpdateDate>
      <ItemCode>7290004135058</ItemCode>
      <ItemType>1</ItemType>
      <ItemName>מאגדת קרלו מיני שוקולד</ItemName>
      <ManufactureName>תנובה בעמ ***</ManufactureName>
      <ManufactureCountry />
      <ManufactureItemDescription />
      <UnitQty>י"ח</UnitQty>
      <Quantity>800</Quantity>
      <UnitMeasure>ל  מ"ל</UnitMeasure>
      <BisWeighted>0</BisWeighted>
      <QtyInPackage>1</QtyInPackage>
      <ItemPrice>13.20</ItemPrice>
      <UnitOfMeasurePrice>1.65</UnitOfMeasurePrice>
      <AllowDiscount>1</AllowDiscount>
      <itemStatus>1</itemStatus>
      <LastUpdateDate />
      <LastUpdateTime />
    </Product>
    <Product>
      <PriceUpdateDate>2020/01/02 12:29</PriceUpdateDate>
      <ItemCode>7290004135119</ItemCode>
      <ItemType>1</ItemType>
      <ItemName>מאגדת קרלו מיני וניל שמינייה</ItemName>
      <ManufactureName>תנובה בעמ ***</ManufactureName>
      <ManufactureCountry />
      <ManufactureItemDescription />
      <UnitQty>י"ח</UnitQty>
      <Quantity>800</Quantity>
      <UnitMeasure>ל  מ"ל</UnitMeasure>
      <BisWeighted>0</BisWeighted>
      <QtyInPackage>1</QtyInPackage>
      <ItemPrice>13.20</ItemPrice>
      <UnitOfMeasurePrice>1.65</UnitOfMeasurePrice>
      <AllowDiscount>1</AllowDiscount>
      <itemStatus>1</itemStatus>
      <LastUpdateDate />
      <LastUpdateTime />
    </Product>
    <Product>
      <PriceUpdateDate>2020/01/02 12:29</PriceUpdateDate>
      <ItemCode>4135324</ItemCode>
      <ItemType>0</ItemType>
      <ItemName>בולגרית מעודנת }5% תנובה</ItemName>
      <ManufactureName>תנובה בעמ ***</ManufactureName>
      <ManufactureCountry />
      <ManufactureItemDescription />
      <UnitQty>ק"ג</UnitQty>
      <Quantity>1</Quantity>
      <UnitMeasure>ק"ג</UnitMeasure>
      <BisWeighted>1</BisWeighted>
      <QtyInPackage>1</QtyInPackage>
      <ItemPrice>40</ItemPrice>
      <UnitOfMeasurePrice>40</UnitOfMeasurePrice>
      <AllowDiscount>0</AllowDiscount>
      <itemStatus>1</itemStatus>
      <LastUpdateDate />
      <LastUpdateTime />
    </Product>
    <Product>
      <PriceUpdateDate>2020/01/02 12:29</PriceUpdateDate>
      <ItemCode>7290004135614</ItemCode>
      <ItemType>1</ItemType>
      <ItemName>פיראוס בולגרית מעודנת 5%</ItemName>
      <ManufactureName>תנובה בעמ ***</ManufactureName>
      <ManufactureCountry />
      <ManufactureItemDescription />
      <UnitQty>י"ח</UnitQty>
      <Quantity>250</Quantity>
      <UnitMeasure>ל  גרם</UnitMeasure>
      <BisWeighted>0</BisWeighted>
      <QtyInPackage>1</QtyInPackage>
      <ItemPrice>20.90</ItemPrice>
      <UnitOfMeasurePrice>8.36</UnitOfMeasurePrice>
      <AllowDiscount>1</AllowDiscount>
      <itemStatus>1</itemStatus>
      <LastUpdateDate />
      <LastUpdateTime />
    </Product>
    <Product>
      <PriceUpdateDate>2020/01/02 12:29</PriceUpdateDate>
      <ItemCode>7290004136598</ItemCode>
      <ItemType>1</ItemType>
      <ItemName>מארז הפסקת אוכל</ItemName>
      <ManufactureName>תנובה בעמ ***</ManufactureName>
      <ManufactureCountry />
      <ManufactureItemDescription />
      <UnitQty>י"ח</UnitQty>
      <Quantity>150</Quantity>
      <UnitMeasure>ל  מ"ל</UnitMeasure>
      <BisWeighted>0</BisWeighted>
      <QtyInPackage>1</QtyInPackage>
      <ItemPrice>8.90</ItemPrice>
      <UnitOfMeasurePrice>5.93</UnitOfMeasurePrice>
      <AllowDiscount>0</AllowDiscount>
      <itemStatus>1</itemStatus>
      <LastUpdateDate />
      <LastUpdateTime />
    </Product>
    <Product>
      <PriceUpdateDate>2020/01/02 12:29</PriceUpdateDate>
      <ItemCode>7290004136857</ItemCode>
      <ItemType>1</ItemType>
      <ItemName>ג לי תנובה פטל</ItemName>
      <ManufactureName>תנובה בעמ ***</ManufactureName>
      <ManufactureCountry />
      <ManufactureItemDescription />
      <UnitQty>י"ח</UnitQty>
      <Quantity>125</Quantity>
      <UnitMeasure>ל  מ"ל</UnitMeasure>
      <BisWeighted>0</BisWeighted>
      <QtyInPackage>1</QtyInPackage>
      <ItemPrice>2.20</ItemPrice>
      <UnitOfMeasurePrice>1.76</UnitOfMeasurePrice>
      <AllowDiscount>0</AllowDiscount>
      <itemStatus>1</itemStatus>
      <LastUpdateDate />
      <LastUpdateTime />
    </Product>
    <Product>
      <PriceUpdateDate>2018/12/30 12:30</PriceUpdateDate>
      <ItemCode>7290004136864</ItemCode>
      <ItemType>1</ItemType>
      <ItemName>ג לי תנובה אננס</ItemName>
      <ManufactureName>תנובה בעמ ***</ManufactureName>
      <ManufactureCountry />
      <ManufactureItemDescription />
      <UnitQty>י"ח</UnitQty>
      <Quantity>125</Quantity>
      <UnitMeasure>ל  מ"ל</UnitMeasure>
      <BisWeighted>0</BisWeighted>
      <QtyInPackage>1</QtyInPackage>
      <ItemPrice>2.60</ItemPrice>
      <UnitOfMeasurePrice>2.08</UnitOfMeasurePrice>
      <AllowDiscount>0</AllowDiscount>
      <itemStatus>1</itemStatus>
      <LastUpdateDate />
      <LastUpdateTime />
    </Product>
    <Product>
      <PriceUpdateDate>2018/12/30 12:30</PriceUpdateDate>
      <ItemCode>7290004136871</ItemCode>
      <ItemType>1</ItemType>
      <ItemName>ג לי תנובה אפרסק</ItemName>
      <ManufactureName>תנובה בעמ ***</ManufactureName>
      <ManufactureCountry />
      <ManufactureItemDescription />
      <UnitQty>י"ח</UnitQty>
      <Quantity>125</Quantity>
      <UnitMeasure>ל  מ"ל</UnitMeasure>
      <BisWeighted>0</BisWeighted>
      <QtyInPackage>1</QtyInPackage>
      <ItemPrice>2.60</ItemPrice>
      <UnitOfMeasurePrice>2.08</UnitOfMeasurePrice>
      <AllowDiscount>0</AllowDiscount>
      <itemStatus>1</itemStatus>
      <LastUpdateDate />
      <LastUpdateTime />
    </Product>
    <Product>
      <PriceUpdateDate>2020/01/02 12:29</PriceUpdateDate>
      <ItemCode>7290004137809</ItemCode>
      <ItemType>1</ItemType>
      <ItemName>לאבנה 5% 250גר</ItemName>
      <ManufactureName>תנובה בעמ ***</ManufactureName>
      <ManufactureCountry />
      <ManufactureItemDescription />
      <UnitQty>י"ח</UnitQty>
      <Quantity>250</Quantity>
      <UnitMeasure>ל  גרם</UnitMeasure>
      <BisWeighted>0</BisWeighted>
      <QtyInPackage>1</QtyInPackage>
      <ItemPrice>11.90</ItemPrice>
      <UnitOfMeasurePrice>4.76</UnitOfMeasurePrice>
      <AllowDiscount>1</AllowDiscount>
      <itemStatus>1</itemStatus>
      <LastUpdateDate />
      <LastUpdateTime />
    </Product>
    <Product>
      <PriceUpdateDate>2019/07/28 14:05</PriceUpdateDate>
      <ItemCode>4194697</ItemCode>
      <ItemType>0</ItemType>
      <ItemName>כנפיים עוף חצוי ארוז מחפוד קפוא</ItemName>
      <ManufactureName>עוף ירושלים שיווק (עסקאות)</ManufactureName>
      <ManufactureCountry />
      <ManufactureItemDescription />
      <UnitQty>ק"ג</UnitQty>
      <Quantity>1</Quantity>
      <UnitMeasure>ק"ג</UnitMeasure>
      <BisWeighted>1</BisWeighted>
      <QtyInPackage>1</QtyInPackage>
      <ItemPrice>13.90</ItemPrice>
      <UnitOfMeasurePrice>13.90</UnitOfMeasurePrice>
      <AllowDiscount>0</AllowDiscount>
      <itemStatus>1</itemStatus>
      <LastUpdateDate />
      <LastUpdateTime />
    </Product>
    <Product>
      <PriceUpdateDate>2016/12/12 12:20</PriceUpdateDate>
      <ItemCode>7290004199074</ItemCode>
      <ItemType>1</ItemType>
      <ItemName>פלסטר 50 יחידות</ItemName>
      <ManufactureName>אינטרסן (1996) בעמ</ManufactureName>
      <ManufactureCountry />
      <ManufactureItemDescription />
      <UnitQty>י"ח</UnitQty>
      <Quantity>1</Quantity>
      <UnitMeasure />
      <BisWeighted>0</BisWeighted>
      <QtyInPackage>1</QtyInPackage>
      <ItemPrice>5.90</ItemPrice>
      <UnitOfMeasurePrice>5.90</UnitOfMeasurePrice>
      <AllowDiscount>0</AllowDiscount>
      <itemStatus>1</itemStatus>
      <LastUpdateDate />
      <LastUpdateTime />
    </Product>
    <Product>
      <PriceUpdateDate>2014/01/02 20:12</PriceUpdateDate>
      <ItemCode>7290004199203</ItemCode>
      <ItemType>1</ItemType>
      <ItemName>קיסמי שיניים 300</ItemName>
      <ManufactureName>אינטרסן (1996) בעמ</ManufactureName>
      <ManufactureCountry />
      <ManufactureItemDescription />
      <UnitQty>י"ח</UnitQty>
      <Quantity>1</Quantity>
      <UnitMeasure />
      <BisWeighted>0</BisWeighted>
      <QtyInPackage>1</QtyInPackage>
      <ItemPrice>2.90</ItemPrice>
      <UnitOfMeasurePrice>2.90</UnitOfMeasurePrice>
      <AllowDiscount>0</AllowDiscount>
      <itemStatus>1</itemStatus>
      <LastUpdateDate />
      <LastUpdateTime />
    </Product>
    <Product>
      <PriceUpdateDate>2018/01/25 16:35</PriceUpdateDate>
      <ItemCode>7290004199579</ItemCode>
      <ItemType>1</ItemType>
      <ItemName>פלסטר 100 יחידות</ItemName>
      <ManufactureName>אינטרסן (1996) בעמ</ManufactureName>
      <ManufactureCountry />
      <ManufactureItemDescription />
      <UnitQty>י"ח</UnitQty>
      <Quantity>100</Quantity>
      <UnitMeasure>י"ח</UnitMeasure>
      <BisWeighted>0</BisWeighted>
      <QtyInPackage>1</QtyInPackage>
      <ItemPrice>9.90</ItemPrice>
      <UnitOfMeasurePrice>0.10</UnitOfMeasurePrice>
      <AllowDiscount>0</AllowDiscount>
      <itemStatus>1</itemStatus>
      <LastUpdateDate />
      <LastUpdateTime />
    </Product>
    <Product>
      <PriceUpdateDate>2014/01/02 20:10</PriceUpdateDate>
      <ItemCode>7290004199777</ItemCode>
      <ItemType>1</ItemType>
      <ItemName>צימרוני אוזניים פל.בכוס</ItemName>
      <ManufactureName>אינטרסן (1996) בעמ</ManufactureName>
      <ManufactureCountry />
      <ManufactureItemDescription />
      <UnitQty>י"ח</UnitQty>
      <Quantity>1</Quantity>
      <UnitMeasure />
      <BisWeighted>0</BisWeighted>
      <QtyInPackage>1</QtyInPackage>
      <ItemPrice>5.90</ItemPrice>
      <UnitOfMeasurePrice>5.90</UnitOfMeasurePrice>
      <AllowDiscount>0</AllowDiscount>
      <itemStatus>1</itemStatus>
      <LastUpdateDate />
      <LastUpdateTime />
    </Product>
    <Product>
      <PriceUpdateDate>2020/04/24 09:29</PriceUpdateDate>
      <ItemCode>7290004199784</ItemCode>
      <ItemType>1</ItemType>
      <ItemName>כפפות לאטקס 100 יח  S</ItemName>
      <ManufactureName>אינטרסן (1996) בעמ</ManufactureName>
      <ManufactureCountry />
      <ManufactureItemDescription />
      <UnitQty>י"ח</UnitQty>
      <Quantity>1</Quantity>
      <UnitMeasure />
      <BisWeighted>0</BisWeighted>
      <QtyInPackage>1</QtyInPackage>
      <ItemPrice>29.90</ItemPrice>
      <UnitOfMeasurePrice>29.90</UnitOfMeasurePrice>
      <AllowDiscount>0</AllowDiscount>
      <itemStatus>1</itemStatus>
      <LastUpdateDate />
      <LastUpdateTime />
    </Product>
    <Product>
      <PriceUpdateDate>2020/04/24 09:29</PriceUpdateDate>
      <ItemCode>7290004199791</ItemCode>
      <ItemType>1</ItemType>
      <ItemName>כפפות לאטקס 100 יח  M</ItemName>
      <ManufactureName>אינטרסן (1996) בעמ</ManufactureName>
      <ManufactureCountry />
      <ManufactureItemDescription />
      <UnitQty>י"ח</UnitQty>
      <Quantity>1</Quantity>
      <UnitMeasure />
      <BisWeighted>0</BisWeighted>
      <QtyInPackage>1</QtyInPackage>
      <ItemPrice>29.90</ItemPrice>
      <UnitOfMeasurePrice>29.90</UnitOfMeasurePrice>
      <AllowDiscount>0</AllowDiscount>
      <itemStatus>1</itemStatus>
      <LastUpdateDate />
      <LastUpdateTime />
    </Product>
    <Product>
      <PriceUpdateDate>2020/04/24 09:29</PriceUpdateDate>
      <ItemCode>7290004199807</ItemCode>
      <ItemType>1</ItemType>
      <ItemName>כפפות לאטקס 100 יח  L</ItemName>
      <ManufactureName>אינטרסן (1996) בעמ</ManufactureName>
      <ManufactureCountry />
      <ManufactureItemDescription />
      <UnitQty>י"ח</UnitQty>
      <Quantity>1</Quantity>
      <UnitMeasure />
      <BisWeighted>0</BisWeighted>
      <QtyInPackage>1</QtyInPackage>
      <ItemPrice>29.90</ItemPrice>
      <UnitOfMeasurePrice>29.90</UnitOfMeasurePrice>
      <AllowDiscount>0</AllowDiscount>
      <itemStatus>1</itemStatus>
      <LastUpdateDate />
      <LastUpdateTime />
    </Product>
    <Product>
      <PriceUpdateDate>2018/08/12 10:46</PriceUpdateDate>
      <ItemCode>7290004219079</ItemCode>
      <ItemType>1</ItemType>
      <ItemName>לבבות דקל  חתוך}ויליפוד{</ItemName>
      <ManufactureName>ג.וילי פוד אינטרנשיונל בעמ</ManufactureName>
      <ManufactureCountry />
      <ManufactureItemDescription />
      <UnitQty>י"ח</UnitQty>
      <Quantity>400</Quantity>
      <UnitMeasure>ל  גרם</UnitMeasure>
      <BisWeighted>0</BisWeighted>
      <QtyInPackage>1</QtyInPackage>
      <ItemPrice>9.90</ItemPrice>
      <UnitOfMeasurePrice>2.48</UnitOfMeasurePrice>
      <AllowDiscount>0</AllowDiscount>
      <itemStatus>1</itemStatus>
      <LastUpdateDate />
      <LastUpdateTime />
    </Product>
    <Product>
      <PriceUpdateDate>2016/03/06 17:43</PriceUpdateDate>
      <ItemCode>7290004219826</ItemCode>
      <ItemType>1</ItemType>
      <ItemName>מלבין קפה הולנדי קומלטה</ItemName>
      <ManufactureName>ג.וילי פוד אינטרנשיונל בעמ</ManufactureName>
      <ManufactureCountry />
      <ManufactureItemDescription />
      <UnitQty>י"ח</UnitQty>
      <Quantity>400</Quantity>
      <UnitMeasure>ל  גרם</UnitMeasure>
      <BisWeighted>0</BisWeighted>
      <QtyInPackage>1</QtyInPackage>
      <ItemPrice>19.80</ItemPrice>
      <UnitOfMeasurePrice>4.95</UnitOfMeasurePrice>
      <AllowDiscount>0</AllowDiscount>
      <itemStatus>1</itemStatus>
      <LastUpdateDate />
      <LastUpdateTime />
    </Product>
    <Product>
      <PriceUpdateDate>2013/12/22 14:14</PriceUpdateDate>
      <ItemCode>4225384</ItemCode>
      <ItemType>0</ItemType>
      <ItemName>סרדינים פוסידון 90ג בשמן זית</ItemName>
      <ManufactureName>נטו מלינדה סחר בעמ</ManufactureName>
      <ManufactureCountry />
      <ManufactureItemDescription />
      <UnitQty>י"ח</UnitQty>
      <Quantity>90</Quantity>
      <UnitMeasure>ל  גרם</UnitMeasure>
      <BisWeighted>0</BisWeighted>
      <QtyInPackage>1</QtyInPackage>
      <ItemPrice>6.30</ItemPrice>
      <UnitOfMeasurePrice>7</UnitOfMeasurePrice>
      <AllowDiscount>0</AllowDiscount>
      <itemStatus>1</itemStatus>
      <LastUpdateDate />
      <LastUpdateTime />
    </Product>
    <Product>
      <PriceUpdateDate>2020/02/11 09:05</PriceUpdateDate>
      <ItemCode>4228651</ItemCode>
      <ItemType>0</ItemType>
      <ItemName>קציצות דג לבישול שגב  600 גרם</ItemName>
      <ManufactureName>נטו מלינדה סחר בעמ</ManufactureName>
      <ManufactureCountry />
      <ManufactureItemDescription />
      <UnitQty>י"ח</UnitQty>
      <Quantity>600</Quantity>
      <UnitMeasure>ל  גרם</UnitMeasure>
      <BisWeighted>0</BisWeighted>
      <QtyInPackage>1</QtyInPackage>
      <ItemPrice>29.90</ItemPrice>
      <UnitOfMeasurePrice>4.98</UnitOfMeasurePrice>
      <AllowDiscount>0</AllowDiscount>
      <itemStatus>1</itemStatus>
      <LastUpdateDate />
      <LastUpdateTime />
    </Product>
    <Product>
      <PriceUpdateDate>2016/03/07 19:01</PriceUpdateDate>
      <ItemCode>4230265</ItemCode>
      <ItemType>0</ItemType>
      <ItemName>שווארמה בתיבול מזרחי שגב 500גר</ItemName>
      <ManufactureName>נטו מלינדה סחר בעמ</ManufactureName>
      <ManufactureCountry />
      <ManufactureItemDescription />
      <UnitQty>י"ח</UnitQty>
      <Quantity>500</Quantity>
      <UnitMeasure>ל  גרם</UnitMeasure>
      <BisWeighted>0</BisWeighted>
      <QtyInPackage>1</QtyInPackage>
      <ItemPrice>36.90</ItemPrice>
      <UnitOfMeasurePrice>7.38</UnitOfMeasurePrice>
      <AllowDiscount>1</AllowDiscount>
      <itemStatus>1</itemStatus>
      <LastUpdateDate />
      <LastUpdateTime />
    </Product>
    <Product>
      <PriceUpdateDate>2014/08/12 08:26</PriceUpdateDate>
      <ItemCode>4230371</ItemCode>
      <ItemType>0</ItemType>
      <ItemName>מקלות בורקס פילו פיצה  600 גרם</ItemName>
      <ManufactureName>נטו מלינדה סחר בעמ</ManufactureName>
      <ManufactureCountry />
      <ManufactureItemDescription />
      <UnitQty>י"ח</UnitQty>
      <Quantity>600</Quantity>
      <UnitMeasure>ל  גרם</UnitMeasure>
      <BisWeighted>0</BisWeighted>
      <QtyInPackage>1</QtyInPackage>
      <ItemPrice>19.90</ItemPrice>
      <UnitOfMeasurePrice>3.32</UnitOfMeasurePrice>
      <AllowDiscount>1</AllowDiscount>
      <itemStatus>1</itemStatus>
      <LastUpdateDate />
      <LastUpdateTime />
    </Product>
    <Product>
      <PriceUpdateDate>2019/01/02 16:18</PriceUpdateDate>
      <ItemCode>4230944</ItemCode>
      <ItemType>0</ItemType>
      <ItemName>מקלות בורקס פילו גבינה  600 גרם</ItemName>
      <ManufactureName>נטו מלינדה סחר בעמ</ManufactureName>
      <ManufactureCountry />
      <ManufactureItemDescription />
      <UnitQty>י"ח</UnitQty>
      <Quantity>600</Quantity>
      <UnitMeasure>ל  גרם</UnitMeasure>
      <BisWeighted>0</BisWeighted>
      <QtyInPackage>1</QtyInPackage>
      <ItemPrice>19.90</ItemPrice>
      <UnitOfMeasurePrice>3.32</UnitOfMeasurePrice>
      <AllowDiscount>1</AllowDiscount>
      <itemStatus>1</itemStatus>
      <LastUpdateDate />
      <LastUpdateTime />
    </Product>
    <Product>
      <PriceUpdateDate>2014/05/11 09:36</PriceUpdateDate>
      <ItemCode>4236243</ItemCode>
      <ItemType>0</ItemType>
      <ItemName>עוגיות שונות 400גר`</ItemName>
      <ManufactureName>שיבולים ייצור ושיווק מאפה בעמ</ManufactureName>
      <ManufactureCountry />
      <ManufactureItemDescription />
      <UnitQty>י"ח</UnitQty>
      <Quantity>400</Quantity>
      <UnitMeasure>ל  גרם</UnitMeasure>
      <BisWeighted>0</BisWeighted>
      <QtyInPackage>1</QtyInPackage>
      <ItemPrice>13.90</ItemPrice>
      <UnitOfMeasurePrice>3.48</UnitOfMeasurePrice>
      <AllowDiscount>1</AllowDiscount>
      <itemStatus>1</itemStatus>
      <LastUpdateDate />
      <LastUpdateTime />
    </Product>
    <Product>
      <PriceUpdateDate>2019/03/11 14:16</PriceUpdateDate>
      <ItemCode>4256326</ItemCode>
      <ItemType>0</ItemType>
      <ItemName>פילה דג אילתית</ItemName>
      <ManufactureName>נטו מלינדה סחר בעמ</ManufactureName>
      <ManufactureCountry />
      <ManufactureItemDescription />
      <UnitQty>ק"ג</UnitQty>
      <Quantity>1</Quantity>
      <UnitMeasure />
      <BisWeighted>1</BisWeighted>
      <QtyInPackage>1</QtyInPackage>
      <ItemPrice>39.90</ItemPrice>
      <UnitOfMeasurePrice>39.90</UnitOfMeasurePrice>
      <AllowDiscount>0</AllowDiscount>
      <itemStatus>1</itemStatus>
      <LastUpdateDate />
      <LastUpdateTime />
    </Product>
    <Product>
      <PriceUpdateDate>2019/06/11 09:32</PriceUpdateDate>
      <ItemCode>4256555</ItemCode>
      <ItemType>0</ItemType>
      <ItemName>מוצרלה חצי קשה *.</ItemName>
      <ManufactureName>נטו מלינדה סחר בעמ</ManufactureName>
      <ManufactureCountry />
      <ManufactureItemDescription />
      <UnitQty>ק"ג</UnitQty>
      <Quantity>1</Quantity>
      <UnitMeasure />
      <BisWeighted>1</BisWeighted>
      <QtyInPackage>1</QtyInPackage>
      <ItemPrice>34</ItemPrice>
      <UnitOfMeasurePrice>34</UnitOfMeasurePrice>
      <AllowDiscount>0</AllowDiscount>
      <itemStatus>1</itemStatus>
      <LastUpdateDate />
      <LastUpdateTime />
    </Product>
    <Product>
      <PriceUpdateDate>2019/05/20 08:17</PriceUpdateDate>
      <ItemCode>4256753</ItemCode>
      <ItemType>0</ItemType>
      <ItemName>עלי סיגר מרוקאי 450ג</ItemName>
      <ManufactureName>נטו מלינדה סחר בעמ</ManufactureName>
      <ManufactureCountry />
      <ManufactureItemDescription />
      <UnitQty>י"ח</UnitQty>
      <Quantity>500</Quantity>
      <UnitMeasure>ל  גרם</UnitMeasure>
      <BisWeighted>0</BisWeighted>
      <QtyInPackage>1</QtyInPackage>
      <ItemPrice>12.90</ItemPrice>
      <UnitOfMeasurePrice>2.58</UnitOfMeasurePrice>
      <AllowDiscount>0</AllowDiscount>
      <itemStatus>1</itemStatus>
      <LastUpdateDate />
      <LastUpdateTime />
    </Product>
    <Product>
      <PriceUpdateDate>2018/12/17 13:36</PriceUpdateDate>
      <ItemCode>4257798</ItemCode>
      <ItemType>0</ItemType>
      <ItemName>נר נשמה שבועי</ItemName>
      <ManufactureName>דין שיווק *****</ManufactureName>
      <ManufactureCountry />
      <ManufactureItemDescription />
      <UnitQty>י"ח</UnitQty>
      <Quantity>1</Quantity>
      <UnitMeasure>י"ח</UnitMeasure>
      <BisWeighted>0</BisWeighted>
      <QtyInPackage>1</QtyInPackage>
      <ItemPrice>9.90</ItemPrice>
      <UnitOfMeasurePrice>9.90</UnitOfMeasurePrice>
      <AllowDiscount>1</AllowDiscount>
      <itemStatus>1</itemStatus>
      <LastUpdateDate />
      <LastUpdateTime />
    </Product>
    <Product>
      <PriceUpdateDate>2014/01/13 08:46</PriceUpdateDate>
      <ItemCode>4257811</ItemCode>
      <ItemType>0</ItemType>
      <ItemName>נרות חימום 50יח 4שעות מהדרין</ItemName>
      <ManufactureName>דין שיווק *****</ManufactureName>
      <ManufactureCountry />
      <ManufactureItemDescription />
      <UnitQty>י"ח</UnitQty>
      <Quantity>50</Quantity>
      <UnitMeasure>י"ח</UnitMeasure>
      <BisWeighted>0</BisWeighted>
      <QtyInPackage>1</QtyInPackage>
      <ItemPrice>9.50</ItemPrice>
      <UnitOfMeasurePrice>0.19</UnitOfMeasurePrice>
      <AllowDiscount>1</AllowDiscount>
      <itemStatus>1</itemStatus>
      <LastUpdateDate />
      <LastUpdateTime />
    </Product>
    <Product>
      <PriceUpdateDate>2013/12/11 13:38</PriceUpdateDate>
      <ItemCode>4257828</ItemCode>
      <ItemType>0</ItemType>
      <ItemName>נרות חימום 100יח 4שעות מהדרין</ItemName>
      <ManufactureName>דין שיווק *****</ManufactureName>
      <ManufactureCountry />
      <ManufactureItemDescription />
      <UnitQty />
      <Quantity>100</Quantity>
      <UnitMeasure>י"ח</UnitMeasure>
      <BisWeighted>0</BisWeighted>
      <QtyInPackage>1</QtyInPackage>
      <ItemPrice>17.50</ItemPrice>
      <UnitOfMeasurePrice>0.18</UnitOfMeasurePrice>
      <AllowDiscount>0</AllowDiscount>
      <itemStatus>1</itemStatus>
      <LastUpdateDate />
      <LastUpdateTime />
    </Product>
    <Product>
      <PriceUpdateDate>2016/05/22 14:57</PriceUpdateDate>
      <ItemCode>7290004263652</ItemCode>
      <ItemType>1</ItemType>
      <ItemName>נקניקיות  עוף(עטרה)</ItemName>
      <ManufactureName>נטו מלינדה סחר בעמ</ManufactureName>
      <ManufactureCountry />
      <ManufactureItemDescription />
      <UnitQty>י"ח</UnitQty>
      <Quantity>400</Quantity>
      <UnitMeasure>ל  גרם</UnitMeasure>
      <BisWeighted>0</BisWeighted>
      <QtyInPackage>1</QtyInPackage>
      <ItemPrice>7.90</ItemPrice>
      <UnitOfMeasurePrice>1.98</UnitOfMeasurePrice>
      <AllowDiscount>1</AllowDiscount>
      <itemStatus>1</itemStatus>
      <LastUpdateDate />
      <LastUpdateTime />
    </Product>
    <Product>
      <PriceUpdateDate>2016/11/14 10:12</PriceUpdateDate>
      <ItemCode>4267322</ItemCode>
      <ItemType>0</ItemType>
      <ItemName>עוגיות טעם חמאה ללא סוכר 280גר`</ItemName>
      <ManufactureName>רזיט שיווק בעמ</ManufactureName>
      <ManufactureCountry />
      <ManufactureItemDescription />
      <UnitQty>י"ח</UnitQty>
      <Quantity>280</Quantity>
      <UnitMeasure>ל  גרם</UnitMeasure>
      <BisWeighted>0</BisWeighted>
      <QtyInPackage>1</QtyInPackage>
      <ItemPrice>11.90</ItemPrice>
      <UnitOfMeasurePrice>4.25</UnitOfMeasurePrice>
      <AllowDiscount>0</AllowDiscount>
      <itemStatus>1</itemStatus>
      <LastUpdateDate />
      <LastUpdateTime />
    </Product>
    <Product>
      <PriceUpdateDate>2017/01/03 14:32</PriceUpdateDate>
      <ItemCode>4267667</ItemCode>
      <ItemType>0</ItemType>
      <ItemName>עוגיות שוקו ציפס 600 ג`</ItemName>
      <ManufactureName>רזיט שיווק בעמ</ManufactureName>
      <ManufactureCountry />
      <ManufactureItemDescription />
      <UnitQty>י"ח</UnitQty>
      <Quantity>600</Quantity>
      <UnitMeasure>ל  גרם</UnitMeasure>
      <BisWeighted>0</BisWeighted>
      <QtyInPackage>1</QtyInPackage>
      <ItemPrice>14.90</ItemPrice>
      <UnitOfMeasurePrice>2.48</UnitOfMeasurePrice>
      <AllowDiscount>0</AllowDiscount>
      <itemStatus>1</itemStatus>
      <LastUpdateDate />
      <LastUpdateTime />
    </Product>
    <Product>
      <PriceUpdateDate>2018/05/29 19:15</PriceUpdateDate>
      <ItemCode>7290004324858</ItemCode>
      <ItemType>1</ItemType>
      <ItemName>קבב כבש 400 גרם</ItemName>
      <ManufactureName>נטו מלינדה סחר בעמ</ManufactureName>
      <ManufactureCountry />
      <ManufactureItemDescription />
      <UnitQty>י"ח</UnitQty>
      <Quantity>500</Quantity>
      <UnitMeasure>ל  גרם</UnitMeasure>
      <BisWeighted>0</BisWeighted>
      <QtyInPackage>1</QtyInPackage>
      <ItemPrice>20.90</ItemPrice>
      <UnitOfMeasurePrice>4.18</UnitOfMeasurePrice>
      <AllowDiscount>1</AllowDiscount>
      <itemStatus>1</itemStatus>
      <LastUpdateDate />
      <LastUpdateTime />
    </Product>
    <Product>
      <PriceUpdateDate>2018/11/27 10:01</PriceUpdateDate>
      <ItemCode>7290004423353</ItemCode>
      <ItemType>1</ItemType>
      <ItemName>פריגת תפוחי עץ 1.5 ל</ItemName>
      <ManufactureName>חברה המרכזית להפצת משקאות בעמ</ManufactureName>
      <ManufactureCountry />
      <ManufactureItemDescription />
      <UnitQty>י"ח</UnitQty>
      <Quantity>1.50</Quantity>
      <UnitMeasure>ליטר</UnitMeasure>
      <BisWeighted>0</BisWeighted>
      <QtyInPackage>1</QtyInPackage>
      <ItemPrice>6.90</ItemPrice>
      <UnitOfMeasurePrice>4.60</UnitOfMeasurePrice>
      <AllowDiscount>1</AllowDiscount>
      <itemStatus>1</itemStatus>
      <LastUpdateDate />
      <LastUpdateTime />
    </Product>
    <Product>
      <PriceUpdateDate>2019/12/31 11:14</PriceUpdateDate>
      <ItemCode>7290004492274</ItemCode>
      <ItemType>1</ItemType>
      <ItemName>גל גל 400 גרם טבעות</ItemName>
      <ManufactureName>יוניליוור ישראל שיווק בעמ</ManufactureName>
      <ManufactureCountry />
      <ManufactureItemDescription />
      <UnitQty>י"ח</UnitQty>
      <Quantity>400</Quantity>
      <UnitMeasure>ל  גרם</UnitMeasure>
      <BisWeighted>0</BisWeighted>
      <QtyInPackage>1</QtyInPackage>
      <ItemPrice>9.90</ItemPrice>
      <UnitOfMeasurePrice>2.48</UnitOfMeasurePrice>
      <AllowDiscount>0</AllowDiscount>
      <itemStatus>1</itemStatus>
      <LastUpdateDate />
      <LastUpdateTime />
    </Product>
    <Product>
      <PriceUpdateDate>2019/12/31 11:14</PriceUpdateDate>
      <ItemCode>4492762</ItemCode>
      <ItemType>0</ItemType>
      <ItemName>נשנשים תירס 325 גרם</ItemName>
      <ManufactureName>יוניליוור ישראל שיווק בעמ</ManufactureName>
      <ManufactureCountry />
      <ManufactureItemDescription />
      <UnitQty>י"ח</UnitQty>
      <Quantity>325</Quantity>
      <UnitMeasure>ל  גרם</UnitMeasure>
      <BisWeighted>0</BisWeighted>
      <QtyInPackage>1</QtyInPackage>
      <ItemPrice>11.90</ItemPrice>
      <UnitOfMeasurePrice>3.66</UnitOfMeasurePrice>
      <AllowDiscount>0</AllowDiscount>
      <itemStatus>1</itemStatus>
      <LastUpdateDate />
      <LastUpdateTime />
    </Product>
    <Product>
      <PriceUpdateDate>2014/02/17 15:53</PriceUpdateDate>
      <ItemCode>7290004494377</ItemCode>
      <ItemType>1</ItemType>
      <ItemName>יין שירז דלתון D.</ItemName>
      <ManufactureName>הכרם משקאות חריפים בעמ</ManufactureName>
      <ManufactureCountry />
      <ManufactureItemDescription />
      <UnitQty>י"ח</UnitQty>
      <Quantity>750</Quantity>
      <UnitMeasure>ל  מ"ל</UnitMeasure>
      <BisWeighted>0</BisWeighted>
      <QtyInPackage>1</QtyInPackage>
      <ItemPrice>70.20</ItemPrice>
      <UnitOfMeasurePrice>9.32</UnitOfMeasurePrice>
      <AllowDiscount>1</AllowDiscount>
      <itemStatus>1</itemStatus>
      <LastUpdateDate />
      <LastUpdateTime />
    </Product>
    <Product>
      <PriceUpdateDate>2018/03/25 10:28</PriceUpdateDate>
      <ItemCode>4502997</ItemCode>
      <ItemType>0</ItemType>
      <ItemName>וודקה פינלנדיה 500מ"ל</ItemName>
      <ManufactureName>מ.אקרמן בעמ</ManufactureName>
      <ManufactureCountry />
      <ManufactureItemDescription />
      <UnitQty>י"ח</UnitQty>
      <Quantity>500</Quantity>
      <UnitMeasure>ל  מ"ל</UnitMeasure>
      <BisWeighted>0</BisWeighted>
      <QtyInPackage>1</QtyInPackage>
      <ItemPrice>54.90</ItemPrice>
      <UnitOfMeasurePrice>10.92</UnitOfMeasurePrice>
      <AllowDiscount>1</AllowDiscount>
      <itemStatus>1</itemStatus>
      <LastUpdateDate />
      <LastUpdateTime />
    </Product>
    <Product>
      <PriceUpdateDate>2015/02/23 13:07</PriceUpdateDate>
      <ItemCode>7290004517403</ItemCode>
      <ItemType>1</ItemType>
      <ItemName>איקרא 250גר.</ItemName>
      <ManufactureName>בידאני נתן</ManufactureName>
      <ManufactureCountry />
      <ManufactureItemDescription />
      <UnitQty>י"ח</UnitQty>
      <Quantity>250</Quantity>
      <UnitMeasure>ל  גרם</UnitMeasure>
      <BisWeighted>0</BisWeighted>
      <QtyInPackage>1</QtyInPackage>
      <ItemPrice>15.90</ItemPrice>
      <UnitOfMeasurePrice>6.36</UnitOfMeasurePrice>
      <AllowDiscount>0</AllowDiscount>
      <itemStatus>1</itemStatus>
      <LastUpdateDate />
      <LastUpdateTime />
    </Product>
    <Product>
      <PriceUpdateDate>2019/01/08 09:19</PriceUpdateDate>
      <ItemCode>4517465</ItemCode>
      <ItemType>0</ItemType>
      <ItemName>איקרא 250גר.</ItemName>
      <ManufactureName>בידאני נתן</ManufactureName>
      <ManufactureCountry />
      <ManufactureItemDescription />
      <UnitQty>י"ח</UnitQty>
      <Quantity>250</Quantity>
      <UnitMeasure>ל  גרם</UnitMeasure>
      <BisWeighted>0</BisWeighted>
      <QtyInPackage>1</QtyInPackage>
      <ItemPrice>16.90</ItemPrice>
      <UnitOfMeasurePrice>6.76</UnitOfMeasurePrice>
      <AllowDiscount>0</AllowDiscount>
      <itemStatus>1</itemStatus>
      <LastUpdateDate />
      <LastUpdateTime />
    </Product>
    <Product>
      <PriceUpdateDate>2017/02/12 09:44</PriceUpdateDate>
      <ItemCode>7290004536060</ItemCode>
      <ItemType>1</ItemType>
      <ItemName>כפפות דולפין 1/2</ItemName>
      <ManufactureName>גורי מוצרי צריכה בעמ</ManufactureName>
      <ManufactureCountry />
      <ManufactureItemDescription />
      <UnitQty>י"ח</UnitQty>
      <Quantity>1</Quantity>
      <UnitMeasure />
      <BisWeighted>0</BisWeighted>
      <QtyInPackage>1</QtyInPackage>
      <ItemPrice>10</ItemPrice>
      <UnitOfMeasurePrice>10</UnitOfMeasurePrice>
      <AllowDiscount>0</AllowDiscount>
      <itemStatus>1</itemStatus>
      <LastUpdateDate />
      <LastUpdateTime />
    </Product>
    <Product>
      <PriceUpdateDate>2017/05/17 10:01</PriceUpdateDate>
      <ItemCode>7290004554293</ItemCode>
      <ItemType>1</ItemType>
      <ItemName>אסקימו  טעם ענבים</ItemName>
      <ManufactureName>גלידות שטראוס בעמ</ManufactureName>
      <ManufactureCountry />
      <ManufactureItemDescription />
      <UnitQty>י"ח</UnitQty>
      <Quantity>1</Quantity>
      <UnitMeasure />
      <BisWeighted>0</BisWeighted>
      <QtyInPackage>1</QtyInPackage>
      <ItemPrice>3.50</ItemPrice>
      <UnitOfMeasurePrice>3.50</UnitOfMeasurePrice>
      <AllowDiscount>1</AllowDiscount>
      <itemStatus>1</itemStatus>
      <LastUpdateDate />
      <LastUpdateTime />
    </Product>
    <Product>
      <PriceUpdateDate>2017/05/17 10:00</PriceUpdateDate>
      <ItemCode>7290004554330</ItemCode>
      <ItemType>1</ItemType>
      <ItemName>אסקימו  בודד</ItemName>
      <ManufactureName>גלידות שטראוס בעמ</ManufactureName>
      <ManufactureCountry />
      <ManufactureItemDescription />
      <UnitQty>י"ח</UnitQty>
      <Quantity>1</Quantity>
      <UnitMeasure />
      <BisWeighted>0</BisWeighted>
      <QtyInPackage>1</QtyInPackage>
      <ItemPrice>3.50</ItemPrice>
      <UnitOfMeasurePrice>3.50</UnitOfMeasurePrice>
      <AllowDiscount>1</AllowDiscount>
      <itemStatus>1</itemStatus>
      <LastUpdateDate />
      <LastUpdateTime />
    </Product>
    <Product>
      <PriceUpdateDate>2013/12/17 10:25</PriceUpdateDate>
      <ItemCode>7290004554798</ItemCode>
      <ItemType>1</ItemType>
      <ItemName>שלגון מטרה פטל לימון ענב</ItemName>
      <ManufactureName>גלידות שטראוס בעמ</ManufactureName>
      <ManufactureCountry />
      <ManufactureItemDescription />
      <UnitQty>י"ח</UnitQty>
      <Quantity>1</Quantity>
      <UnitMeasure />
      <BisWeighted>0</BisWeighted>
      <QtyInPackage>1</QtyInPackage>
      <ItemPrice>5</ItemPrice>
      <UnitOfMeasurePrice>5</UnitOfMeasurePrice>
      <AllowDiscount>1</AllowDiscount>
      <itemStatus>1</itemStatus>
      <LastUpdateDate />
      <LastUpdateTime />
    </Product>
    <Product>
      <PriceUpdateDate>2008/12/01 03:58</PriceUpdateDate>
      <ItemCode>7290004563370</ItemCode>
      <ItemType>1</ItemType>
      <ItemName>מרקיות חד פעמי</ItemName>
      <ManufactureName>לפ חביב את פרנק בעמ</ManufactureName>
      <ManufactureCountry />
      <ManufactureItemDescription />
      <UnitQty />
      <Quantity>1</Quantity>
      <UnitMeasure />
      <BisWeighted>0</BisWeighted>
      <QtyInPackage>1</QtyInPackage>
      <ItemPrice>2.90</ItemPrice>
      <UnitOfMeasurePrice>2.90</UnitOfMeasurePrice>
      <AllowDiscount>0</AllowDiscount>
      <itemStatus>1</itemStatus>
      <LastUpdateDate />
      <LastUpdateTime />
    </Product>
    <Product>
      <PriceUpdateDate>2014/07/21 09:47</PriceUpdateDate>
      <ItemCode>7290004584306</ItemCode>
      <ItemType>1</ItemType>
      <ItemName>סופר גמדים</ItemName>
      <ManufactureName>שטראוס גרופ ***בעמ</ManufactureName>
      <ManufactureCountry />
      <ManufactureItemDescription />
      <UnitQty>י"ח</UnitQty>
      <Quantity>400</Quantity>
      <UnitMeasure>ל  מ"ל</UnitMeasure>
      <BisWeighted>0</BisWeighted>
      <QtyInPackage>1</QtyInPackage>
      <ItemPrice>11.50</ItemPrice>
      <UnitOfMeasurePrice>2.88</UnitOfMeasurePrice>
      <AllowDiscount>0</AllowDiscount>
      <itemStatus>1</itemStatus>
      <LastUpdateDate />
      <LastUpdateTime />
    </Product>
    <Product>
      <PriceUpdateDate>2019/01/13 12:52</PriceUpdateDate>
      <ItemCode>7290004584351</ItemCode>
      <ItemType>1</ItemType>
      <ItemName>סימפוניה מרקם שמנת 200 ג</ItemName>
      <ManufactureName>שטראוס גרופ ***בעמ</ManufactureName>
      <ManufactureCountry />
      <ManufactureItemDescription />
      <UnitQty>י"ח</UnitQty>
      <Quantity>200</Quantity>
      <UnitMeasure>ל  גרם</UnitMeasure>
      <BisWeighted>0</BisWeighted>
      <QtyInPackage>1</QtyInPackage>
      <ItemPrice>11.60</ItemPrice>
      <UnitOfMeasurePrice>5.80</UnitOfMeasurePrice>
      <AllowDiscount>0</AllowDiscount>
      <itemStatus>1</itemStatus>
      <LastUpdateDate />
      <LastUpdateTime />
    </Product>
    <Product>
      <PriceUpdateDate>2015/02/01 08:56</PriceUpdateDate>
      <ItemCode>7290004584528</ItemCode>
      <ItemType>1</ItemType>
      <ItemName>דנונה ביו 1.7% שומן</ItemName>
      <ManufactureName>שטראוס גרופ ***בעמ</ManufactureName>
      <ManufactureCountry />
      <ManufactureItemDescription />
      <UnitQty>י"ח</UnitQty>
      <Quantity>200</Quantity>
      <UnitMeasure>ל  מ"ל</UnitMeasure>
      <BisWeighted>0</BisWeighted>
      <QtyInPackage>1</QtyInPackage>
      <ItemPrice>3.50</ItemPrice>
      <UnitOfMeasurePrice>1.75</UnitOfMeasurePrice>
      <AllowDiscount>0</AllowDiscount>
      <itemStatus>1</itemStatus>
      <LastUpdateDate />
      <LastUpdateTime />
    </Product>
    <Product>
      <PriceUpdateDate>2014/07/04 10:14</PriceUpdateDate>
      <ItemCode>7290004585907</ItemCode>
      <ItemType>1</ItemType>
      <ItemName>דני וניל</ItemName>
      <ManufactureName>שטראוס גרופ ***בעמ</ManufactureName>
      <ManufactureCountry />
      <ManufactureItemDescription />
      <UnitQty>י"ח</UnitQty>
      <Quantity>130</Quantity>
      <UnitMeasure>ל  מ"ל</UnitMeasure>
      <BisWeighted>0</BisWeighted>
      <QtyInPackage>1</QtyInPackage>
      <ItemPrice>2.60</ItemPrice>
      <UnitOfMeasurePrice>2</UnitOfMeasurePrice>
      <AllowDiscount>0</AllowDiscount>
      <itemStatus>1</itemStatus>
      <LastUpdateDate />
      <LastUpdateTime />
    </Product>
    <Product>
      <PriceUpdateDate>2016/08/14 09:20</PriceUpdateDate>
      <ItemCode>7290004639006</ItemCode>
      <ItemType>1</ItemType>
      <ItemName>סולטנה קוסקוס  תוניסאי}מטעמי  פאר{</ItemName>
      <ManufactureName>מטעמי פאר (א.מ.נ) בעמ</ManufactureName>
      <ManufactureCountry />
      <ManufactureItemDescription />
      <UnitQty>י"ח</UnitQty>
      <Quantity>800</Quantity>
      <UnitMeasure>ל  גרם</UnitMeasure>
      <BisWeighted>0</BisWeighted>
      <QtyInPackage>1</QtyInPackage>
      <ItemPrice>16.90</ItemPrice>
      <UnitOfMeasurePrice>2.11</UnitOfMeasurePrice>
      <AllowDiscount>0</AllowDiscount>
      <itemStatus>1</itemStatus>
      <LastUpdateDate />
      <LastUpdateTime />
    </Product>
    <Product>
      <PriceUpdateDate>2019/12/03 11:53</PriceUpdateDate>
      <ItemCode>4658625</ItemCode>
      <ItemType>0</ItemType>
      <ItemName>תירוש אדום 1 ליטר כרמל</ItemName>
      <ManufactureName>אגודת הכורמים -כרמל מזרחי</ManufactureName>
      <ManufactureCountry />
      <ManufactureItemDescription />
      <UnitQty>י"ח</UnitQty>
      <Quantity>1</Quantity>
      <UnitMeasure>ליטר</UnitMeasure>
      <BisWeighted>0</BisWeighted>
      <QtyInPackage>1</QtyInPackage>
      <ItemPrice>17.90</ItemPrice>
      <UnitOfMeasurePrice>17.90</UnitOfMeasurePrice>
      <AllowDiscount>0</AllowDiscount>
      <itemStatus>1</itemStatus>
      <LastUpdateDate />
      <LastUpdateTime />
    </Product>
    <Product>
      <PriceUpdateDate>2008/12/01 04:00</PriceUpdateDate>
      <ItemCode>7290004686208</ItemCode>
      <ItemType>1</ItemType>
      <ItemName>חומוס ספרדי 1 ק"ג נופת</ItemName>
      <ManufactureName>לפ נופת דגן בעם</ManufactureName>
      <ManufactureCountry />
      <ManufactureItemDescription />
      <UnitQty>י"ח</UnitQty>
      <Quantity>1</Quantity>
      <UnitMeasure>ק"ג</UnitMeasure>
      <BisWeighted>0</BisWeighted>
      <QtyInPackage>1</QtyInPackage>
      <ItemPrice>15.90</ItemPrice>
      <UnitOfMeasurePrice>15.90</UnitOfMeasurePrice>
      <AllowDiscount>0</AllowDiscount>
      <itemStatus>1</itemStatus>
      <LastUpdateDate />
      <LastUpdateTime />
    </Product>
    <Product>
      <PriceUpdateDate>2018/11/08 17:58</PriceUpdateDate>
      <ItemCode>7290004731083</ItemCode>
      <ItemType>1</ItemType>
      <ItemName>אל סבון כיף 1 ליטר</ItemName>
      <ManufactureName>החב הדרומית לשיווק</ManufactureName>
      <ManufactureCountry />
      <ManufactureItemDescription />
      <UnitQty>י"ח</UnitQty>
      <Quantity>1</Quantity>
      <UnitMeasure>ליטר</UnitMeasure>
      <BisWeighted>0</BisWeighted>
      <QtyInPackage>1</QtyInPackage>
      <ItemPrice>10.90</ItemPrice>
      <UnitOfMeasurePrice>10.90</UnitOfMeasurePrice>
      <AllowDiscount>1</AllowDiscount>
      <itemStatus>1</itemStatus>
      <LastUpdateDate />
      <LastUpdateTime />
    </Product>
    <Product>
      <PriceUpdateDate>2018/11/08 17:58</PriceUpdateDate>
      <ItemCode>7290004731090</ItemCode>
      <ItemType>1</ItemType>
      <ItemName>אל סבון כיף 1 ליטר</ItemName>
      <ManufactureName>החב הדרומית לשיווק</ManufactureName>
      <ManufactureCountry />
      <ManufactureItemDescription />
      <UnitQty>י"ח</UnitQty>
      <Quantity>1</Quantity>
      <UnitMeasure>ליטר</UnitMeasure>
      <BisWeighted>0</BisWeighted>
      <QtyInPackage>1</QtyInPackage>
      <ItemPrice>10.90</ItemPrice>
      <UnitOfMeasurePrice>10.90</UnitOfMeasurePrice>
      <AllowDiscount>1</AllowDiscount>
      <itemStatus>1</itemStatus>
      <LastUpdateDate />
      <LastUpdateTime />
    </Product>
    <Product>
      <PriceUpdateDate>2019/12/09 14:32</PriceUpdateDate>
      <ItemCode>7290004731137</ItemCode>
      <ItemType>1</ItemType>
      <ItemName>קרם ידיים קרמה יבש</ItemName>
      <ManufactureName>החב הדרומית לשיווק</ManufactureName>
      <ManufactureCountry />
      <ManufactureItemDescription />
      <UnitQty>י"ח</UnitQty>
      <Quantity>100</Quantity>
      <UnitMeasure>ל  מ"ל</UnitMeasure>
      <BisWeighted>0</BisWeighted>
      <QtyInPackage>1</QtyInPackage>
      <ItemPrice>8.90</ItemPrice>
      <UnitOfMeasurePrice>8.90</UnitOfMeasurePrice>
      <AllowDiscount>0</AllowDiscount>
      <itemStatus>1</itemStatus>
      <LastUpdateDate />
      <LastUpdateTime />
    </Product>
    <Product>
      <PriceUpdateDate>2019/12/09 14:32</PriceUpdateDate>
      <ItemCode>7290004731472</ItemCode>
      <ItemType>1</ItemType>
      <ItemName>כיף אלסבון שלישייה</ItemName>
      <ManufactureName>החב הדרומית לשיווק</ManufactureName>
      <ManufactureCountry />
      <ManufactureItemDescription />
      <UnitQty>י"ח</UnitQty>
      <Quantity>1.50</Quantity>
      <UnitMeasure>ליטר</UnitMeasure>
      <BisWeighted>0</BisWeighted>
      <QtyInPackage>1</QtyInPackage>
      <ItemPrice>19.90</ItemPrice>
      <UnitOfMeasurePrice>13.27</UnitOfMeasurePrice>
      <AllowDiscount>0</AllowDiscount>
      <itemStatus>1</itemStatus>
      <LastUpdateDate />
      <LastUpdateTime />
    </Product>
    <Product>
      <PriceUpdateDate>2019/12/04 14:54</PriceUpdateDate>
      <ItemCode>7290004731519</ItemCode>
      <ItemType>1</ItemType>
      <ItemName>תרסיס מקסימה סנסטיב ורוד למייבש כביסה</ItemName>
      <ManufactureName>החב הדרומית לשיווק</ManufactureName>
      <ManufactureCountry />
      <ManufactureItemDescription />
      <UnitQty>י"ח</UnitQty>
      <Quantity>750</Quantity>
      <UnitMeasure>ל  מ"ל</UnitMeasure>
      <BisWeighted>0</BisWeighted>
      <QtyInPackage>1</QtyInPackage>
      <ItemPrice>16.90</ItemPrice>
      <UnitOfMeasurePrice>2.25</UnitOfMeasurePrice>
      <AllowDiscount>0</AllowDiscount>
      <itemStatus>1</itemStatus>
      <LastUpdateDate />
      <LastUpdateTime />
    </Product>
    <Product>
      <PriceUpdateDate>2017/12/29 10:48</PriceUpdateDate>
      <ItemCode>7290004737443</ItemCode>
      <ItemType>1</ItemType>
      <ItemName>קוקטיל פירות טרופי</ItemName>
      <ManufactureName>ג.וילי פוד אינטרנשיונל בעמ</ManufactureName>
      <ManufactureCountry />
      <ManufactureItemDescription />
      <UnitQty>י"ח</UnitQty>
      <Quantity>825</Quantity>
      <UnitMeasure>ל  גרם</UnitMeasure>
      <BisWeighted>0</BisWeighted>
      <QtyInPackage>1</QtyInPackage>
      <ItemPrice>7.90</ItemPrice>
      <UnitOfMeasurePrice>0.96</UnitOfMeasurePrice>
      <AllowDiscount>1</AllowDiscount>
      <itemStatus>1</itemStatus>
      <LastUpdateDate />
      <LastUpdateTime />
    </Product>
    <Product>
      <PriceUpdateDate>2018/06/24 10:19</PriceUpdateDate>
      <ItemCode>4737955</ItemCode>
      <ItemType>0</ItemType>
      <ItemName>ממרח חמאה הולנדית שקילה לורפק</ItemName>
      <ManufactureName>ג.וילי פוד אינטרנשיונל בעמ</ManufactureName>
      <ManufactureCountry />
      <ManufactureItemDescription />
      <UnitQty>ק"ג</UnitQty>
      <Quantity>100</Quantity>
      <UnitMeasure>ל  גרם</UnitMeasure>
      <BisWeighted>1</BisWeighted>
      <QtyInPackage>1</QtyInPackage>
      <ItemPrice>38.90</ItemPrice>
      <UnitOfMeasurePrice>38.90</UnitOfMeasurePrice>
      <AllowDiscount>0</AllowDiscount>
      <itemStatus>1</itemStatus>
      <LastUpdateDate />
      <LastUpdateTime />
    </Product>
    <Product>
      <PriceUpdateDate>2013/06/04 16:21</PriceUpdateDate>
      <ItemCode>7290004762940</ItemCode>
      <ItemType>1</ItemType>
      <ItemName>פרורי לחם מוזהב 200 גרם</ItemName>
      <ManufactureName>דין שיווק *****</ManufactureName>
      <ManufactureCountry />
      <ManufactureItemDescription />
      <UnitQty>י"ח</UnitQty>
      <Quantity>200</Quantity>
      <UnitMeasure>ל  גרם</UnitMeasure>
      <BisWeighted>0</BisWeighted>
      <QtyInPackage>1</QtyInPackage>
      <ItemPrice>3.80</ItemPrice>
      <UnitOfMeasurePrice>1.90</UnitOfMeasurePrice>
      <AllowDiscount>0</AllowDiscount>
      <itemStatus>1</itemStatus>
      <LastUpdateDate />
      <LastUpdateTime />
    </Product>
    <Product>
      <PriceUpdateDate>2015/04/28 15:55</PriceUpdateDate>
      <ItemCode>7290004762964</ItemCode>
      <ItemType>1</ItemType>
      <ItemName>פרורי לחם רגיל 200 המותג</ItemName>
      <ManufactureName>דין שיווק *****</ManufactureName>
      <ManufactureCountry />
      <ManufactureItemDescription />
      <UnitQty>י"ח</UnitQty>
      <Quantity>200</Quantity>
      <UnitMeasure>ל  גרם</UnitMeasure>
      <BisWeighted>0</BisWeighted>
      <QtyInPackage>1</QtyInPackage>
      <ItemPrice>2.90</ItemPrice>
      <UnitOfMeasurePrice>1.45</UnitOfMeasurePrice>
      <AllowDiscount>0</AllowDiscount>
      <itemStatus>1</itemStatus>
      <LastUpdateDate />
      <LastUpdateTime />
    </Product>
    <Product>
      <PriceUpdateDate>2019/07/30 09:20</PriceUpdateDate>
      <ItemCode>4861025</ItemCode>
      <ItemType>0</ItemType>
      <ItemName>גבינה בולגרית מסורתית שקיל 5% המושבה</ItemName>
      <ManufactureName>מחלבות המושבה בעמ</ManufactureName>
      <ManufactureCountry />
      <ManufactureItemDescription />
      <UnitQty>ק"ג</UnitQty>
      <Quantity>10</Quantity>
      <UnitMeasure>ק"ג</UnitMeasure>
      <BisWeighted>1</BisWeighted>
      <QtyInPackage>1</QtyInPackage>
      <ItemPrice>49.90</ItemPrice>
      <UnitOfMeasurePrice>4.99</UnitOfMeasurePrice>
      <AllowDiscount>0</AllowDiscount>
      <itemStatus>1</itemStatus>
      <LastUpdateDate />
      <LastUpdateTime />
    </Product>
    <Product>
      <PriceUpdateDate>2014/01/01 11:49</PriceUpdateDate>
      <ItemCode>7290004861261</ItemCode>
      <ItemType>1</ItemType>
      <ItemName>טבורוג טעמים שונים 5%</ItemName>
      <ManufactureName>מחלבות המושבה בעמ</ManufactureName>
      <ManufactureCountry />
      <ManufactureItemDescription />
      <UnitQty>ק"ג</UnitQty>
      <Quantity>1</Quantity>
      <UnitMeasure />
      <BisWeighted>1</BisWeighted>
      <QtyInPackage>1</QtyInPackage>
      <ItemPrice>29.90</ItemPrice>
      <UnitOfMeasurePrice>29.90</UnitOfMeasurePrice>
      <AllowDiscount>0</AllowDiscount>
      <itemStatus>1</itemStatus>
      <LastUpdateDate />
      <LastUpdateTime />
    </Product>
    <Product>
      <PriceUpdateDate>2014/01/01 11:45</PriceUpdateDate>
      <ItemCode>4861285</ItemCode>
      <ItemType>0</ItemType>
      <ItemName>טבורוג המושבה שקילה 5%</ItemName>
      <ManufactureName>מחלבות המושבה בעמ</ManufactureName>
      <ManufactureCountry />
      <ManufactureItemDescription />
      <UnitQty>ק"ג</UnitQty>
      <Quantity>1</Quantity>
      <UnitMeasure>ק"ג</UnitMeasure>
      <BisWeighted>1</BisWeighted>
      <QtyInPackage>1</QtyInPackage>
      <ItemPrice>29.90</ItemPrice>
      <UnitOfMeasurePrice>29.90</UnitOfMeasurePrice>
      <AllowDiscount>0</AllowDiscount>
      <itemStatus>1</itemStatus>
      <LastUpdateDate />
      <LastUpdateTime />
    </Product>
    <Product>
      <PriceUpdateDate>2014/01/01 11:49</PriceUpdateDate>
      <ItemCode>7290004861315</ItemCode>
      <ItemType>1</ItemType>
      <ItemName>לבנה טבעי/ירקות שקיל 5%</ItemName>
      <ManufactureName>מחלבות המושבה בעמ</ManufactureName>
      <ManufactureCountry />
      <ManufactureItemDescription />
      <UnitQty>ק"ג</UnitQty>
      <Quantity>1</Quantity>
      <UnitMeasure />
      <BisWeighted>1</BisWeighted>
      <QtyInPackage>1</QtyInPackage>
      <ItemPrice>39.90</ItemPrice>
      <UnitOfMeasurePrice>39.90</UnitOfMeasurePrice>
      <AllowDiscount>1</AllowDiscount>
      <itemStatus>1</itemStatus>
      <LastUpdateDate />
      <LastUpdateTime />
    </Product>
    <Product>
      <PriceUpdateDate>2019/09/05 15:56</PriceUpdateDate>
      <ItemCode>4861360</ItemCode>
      <ItemType>0</ItemType>
      <ItemName>צפתית קצח  המושבה שקיל</ItemName>
      <ManufactureName>מחלבות המושבה בעמ</ManufactureName>
      <ManufactureCountry />
      <ManufactureItemDescription />
      <UnitQty>ק"ג</UnitQty>
      <Quantity>100</Quantity>
      <UnitMeasure>ל  גרם</UnitMeasure>
      <BisWeighted>1</BisWeighted>
      <QtyInPackage>1</QtyInPackage>
      <ItemPrice>44.90</ItemPrice>
      <UnitOfMeasurePrice>44.90</UnitOfMeasurePrice>
      <AllowDiscount>0</AllowDiscount>
      <itemStatus>1</itemStatus>
      <LastUpdateDate />
      <LastUpdateTime />
    </Product>
    <Product>
      <PriceUpdateDate>2014/01/01 11:55</PriceUpdateDate>
      <ItemCode>7290004861421</ItemCode>
      <ItemType>1</ItemType>
      <ItemName>חלומי שקיל  המושבה</ItemName>
      <ManufactureName>מחלבות המושבה בעמ</ManufactureName>
      <ManufactureCountry />
      <ManufactureItemDescription />
      <UnitQty>ק"ג</UnitQty>
      <Quantity>1</Quantity>
      <UnitMeasure>ק"ג</UnitMeasure>
      <BisWeighted>1</BisWeighted>
      <QtyInPackage>1</QtyInPackage>
      <ItemPrice>79.90</ItemPrice>
      <UnitOfMeasurePrice>79.90</UnitOfMeasurePrice>
      <AllowDiscount>0</AllowDiscount>
      <itemStatus>1</itemStatus>
      <LastUpdateDate />
      <LastUpdateTime />
    </Product>
    <Product>
      <PriceUpdateDate>2016/08/29 09:35</PriceUpdateDate>
      <ItemCode>4861520</ItemCode>
      <ItemType>0</ItemType>
      <ItemName>שמנת טבעי/טעמים   5%</ItemName>
      <ManufactureName>מחלבות המושבה בעמ</ManufactureName>
      <ManufactureCountry />
      <ManufactureItemDescription />
      <UnitQty>ק"ג</UnitQty>
      <Quantity>1</Quantity>
      <UnitMeasure />
      <BisWeighted>1</BisWeighted>
      <QtyInPackage>1</QtyInPackage>
      <ItemPrice>27.90</ItemPrice>
      <UnitOfMeasurePrice>27.90</UnitOfMeasurePrice>
      <AllowDiscount>0</AllowDiscount>
      <itemStatus>1</itemStatus>
      <LastUpdateDate />
      <LastUpdateTime />
    </Product>
    <Product>
      <PriceUpdateDate>2018/03/01 13:02</PriceUpdateDate>
      <ItemCode>7290004872250</ItemCode>
      <ItemType>1</ItemType>
      <ItemName>לה פרוטה אבטיח כשל"פ</ItemName>
      <ManufactureName>נגה גלידות</ManufactureName>
      <ManufactureCountry />
      <ManufactureItemDescription />
      <UnitQty>י"ח</UnitQty>
      <Quantity>1</Quantity>
      <UnitMeasure />
      <BisWeighted>0</BisWeighted>
      <QtyInPackage>1</QtyInPackage>
      <ItemPrice>6.90</ItemPrice>
      <UnitOfMeasurePrice>6.90</UnitOfMeasurePrice>
      <AllowDiscount>1</AllowDiscount>
      <itemStatus>1</itemStatus>
      <LastUpdateDate />
      <LastUpdateTime />
    </Product>
    <Product>
      <PriceUpdateDate>2019/02/28 16:14</PriceUpdateDate>
      <ItemCode>7290004872731</ItemCode>
      <ItemType>1</ItemType>
      <ItemName>אקסטרים וניל</ItemName>
      <ManufactureName>נגה גלידות</ManufactureName>
      <ManufactureCountry />
      <ManufactureItemDescription />
      <UnitQty>י"ח</UnitQty>
      <Quantity>1</Quantity>
      <UnitMeasure />
      <BisWeighted>0</BisWeighted>
      <QtyInPackage>1</QtyInPackage>
      <ItemPrice>8.90</ItemPrice>
      <UnitOfMeasurePrice>8.90</UnitOfMeasurePrice>
      <AllowDiscount>1</AllowDiscount>
      <itemStatus>1</itemStatus>
      <LastUpdateDate />
      <LastUpdateTime />
    </Product>
    <Product>
      <PriceUpdateDate>2013/12/17 16:05</PriceUpdateDate>
      <ItemCode>7290004872786</ItemCode>
      <ItemType>1</ItemType>
      <ItemName>אקסטרים ענב פקאן</ItemName>
      <ManufactureName>נגה גלידות</ManufactureName>
      <ManufactureCountry />
      <ManufactureItemDescription />
      <UnitQty>י"ח</UnitQty>
      <Quantity>1</Quantity>
      <UnitMeasure />
      <BisWeighted>0</BisWeighted>
      <QtyInPackage>1</QtyInPackage>
      <ItemPrice>9</ItemPrice>
      <UnitOfMeasurePrice>9</UnitOfMeasurePrice>
      <AllowDiscount>1</AllowDiscount>
      <itemStatus>1</itemStatus>
      <LastUpdateDate />
      <LastUpdateTime />
    </Product>
    <Product>
      <PriceUpdateDate>2016/08/10 11:59</PriceUpdateDate>
      <ItemCode>7290004923099</ItemCode>
      <ItemType>1</ItemType>
      <ItemName>עין גדי 2 ליטר שישיה</ItemName>
      <ManufactureName>יפאורה שותפות מוגבלת לשיווק</ManufactureName>
      <ManufactureCountry />
      <ManufactureItemDescription />
      <UnitQty>י"ח</UnitQty>
      <Quantity>12</Quantity>
      <UnitMeasure>ליטר</UnitMeasure>
      <BisWeighted>0</BisWeighted>
      <QtyInPackage>1</QtyInPackage>
      <ItemPrice>11.90</ItemPrice>
      <UnitOfMeasurePrice>0.99</UnitOfMeasurePrice>
      <AllowDiscount>0</AllowDiscount>
      <itemStatus>1</itemStatus>
      <LastUpdateDate />
      <LastUpdateTime />
    </Product>
    <Product>
      <PriceUpdateDate>2015/11/30 12:00</PriceUpdateDate>
      <ItemCode>7290005008481</ItemCode>
      <ItemType>1</ItemType>
      <ItemName>##ספיד סטיק לגבר ג`ל כחול</ItemName>
      <ManufactureName>ש.שסטוביץ בעמ</ManufactureName>
      <ManufactureCountry />
      <ManufactureItemDescription />
      <UnitQty>י"ח</UnitQty>
      <Quantity>85</Quantity>
      <UnitMeasure>ל  גרם</UnitMeasure>
      <BisWeighted>0</BisWeighted>
      <QtyInPackage>1</QtyInPackage>
      <ItemPrice>24.90</ItemPrice>
      <UnitOfMeasurePrice>29.29</UnitOfMeasurePrice>
      <AllowDiscount>1</AllowDiscount>
      <itemStatus>1</itemStatus>
      <LastUpdateDate />
      <LastUpdateTime />
    </Product>
    <Product>
      <PriceUpdateDate>2016/11/27 11:20</PriceUpdateDate>
      <ItemCode>5079238</ItemCode>
      <ItemType>0</ItemType>
      <ItemName>פטה עיזים מעודנת צוריאל 16%</ItemName>
      <ManufactureName>*חברה המרכזית להפצתמשקאותבעמ*</ManufactureName>
      <ManufactureCountry />
      <ManufactureItemDescription />
      <UnitQty>י"ח</UnitQty>
      <Quantity>1</Quantity>
      <UnitMeasure />
      <BisWeighted>1</BisWeighted>
      <QtyInPackage>1</QtyInPackage>
      <ItemPrice>89.90</ItemPrice>
      <UnitOfMeasurePrice>89.90</UnitOfMeasurePrice>
      <AllowDiscount>0</AllowDiscount>
      <itemStatus>1</itemStatus>
      <LastUpdateDate />
      <LastUpdateTime />
    </Product>
    <Product>
      <PriceUpdateDate>2018/12/10 11:19</PriceUpdateDate>
      <ItemCode>5079290</ItemCode>
      <ItemType>0</ItemType>
      <ItemName>חריץ גבינה נעם 15% שקיל</ItemName>
      <ManufactureName>*חברה המרכזית להפצתמשקאותבעמ*</ManufactureName>
      <ManufactureCountry />
      <ManufactureItemDescription />
      <UnitQty>ק"ג</UnitQty>
      <Quantity>1</Quantity>
      <UnitMeasure />
      <BisWeighted>1</BisWeighted>
      <QtyInPackage>1</QtyInPackage>
      <ItemPrice>66.90</ItemPrice>
      <UnitOfMeasurePrice>66.90</UnitOfMeasurePrice>
      <AllowDiscount>0</AllowDiscount>
      <itemStatus>1</itemStatus>
      <LastUpdateDate />
      <LastUpdateTime />
    </Product>
    <Product>
      <PriceUpdateDate>2020/02/13 09:07</PriceUpdateDate>
      <ItemCode>5079320</ItemCode>
      <ItemType>0</ItemType>
      <ItemName>בולגרית 24%</ItemName>
      <ManufactureName>*חברה המרכזית להפצתמשקאותבעמ*</ManufactureName>
      <ManufactureCountry />
      <ManufactureItemDescription />
      <UnitQty>ק"ג</UnitQty>
      <Quantity>1</Quantity>
      <UnitMeasure />
      <BisWeighted>1</BisWeighted>
      <QtyInPackage>1</QtyInPackage>
      <ItemPrice>49.90</ItemPrice>
      <UnitOfMeasurePrice>49.90</UnitOfMeasurePrice>
      <AllowDiscount>0</AllowDiscount>
      <itemStatus>1</itemStatus>
      <LastUpdateDate />
      <LastUpdateTime />
    </Product>
    <Product>
      <PriceUpdateDate>2018/06/01 10:12</PriceUpdateDate>
      <ItemCode>7290005111761</ItemCode>
      <ItemType>1</ItemType>
      <ItemName>בונזו בשר 3 ק"ג</ItemName>
      <ManufactureName>דיפלומט בעמ</ManufactureName>
      <ManufactureCountry />
      <ManufactureItemDescription />
      <UnitQty>י"ח</UnitQty>
      <Quantity>3</Quantity>
      <UnitMeasure>ק"ג</UnitMeasure>
      <BisWeighted>0</BisWeighted>
      <QtyInPackage>1</QtyInPackage>
      <ItemPrice>44.90</ItemPrice>
      <UnitOfMeasurePrice>14.97</UnitOfMeasurePrice>
      <AllowDiscount>0</AllowDiscount>
      <itemStatus>1</itemStatus>
      <LastUpdateDate />
      <LastUpdateTime />
    </Product>
    <Product>
      <PriceUpdateDate>2019/11/17 12:27</PriceUpdateDate>
      <ItemCode>5113222</ItemCode>
      <ItemType>0</ItemType>
      <ItemName>מיקס זיתים 2 A יבנה</ItemName>
      <ManufactureName>קבוצת יבנה מוצרי מזון בעמ</ManufactureName>
      <ManufactureCountry />
      <ManufactureItemDescription />
      <UnitQty>י"ח</UnitQty>
      <Quantity>1</Quantity>
      <UnitMeasure />
      <BisWeighted>0</BisWeighted>
      <QtyInPackage>1</QtyInPackage>
      <ItemPrice>9.90</ItemPrice>
      <UnitOfMeasurePrice>9.90</UnitOfMeasurePrice>
      <AllowDiscount>0</AllowDiscount>
      <itemStatus>1</itemStatus>
      <LastUpdateDate />
      <LastUpdateTime />
    </Product>
    <Product>
      <PriceUpdateDate>2018/12/30 10:44</PriceUpdateDate>
      <ItemCode>7290005174513</ItemCode>
      <ItemType>1</ItemType>
      <ItemName>סלט חציל במיונז אחלה 500גרם</ItemName>
      <ManufactureName>שטראוס גרופ ***בעמ</ManufactureName>
      <ManufactureCountry />
      <ManufactureItemDescription />
      <UnitQty>י"ח</UnitQty>
      <Quantity>500</Quantity>
      <UnitMeasure>ל  גרם</UnitMeasure>
      <BisWeighted>0</BisWeighted>
      <QtyInPackage>1</QtyInPackage>
      <ItemPrice>15.50</ItemPrice>
      <UnitOfMeasurePrice>3.10</UnitOfMeasurePrice>
      <AllowDiscount>0</AllowDiscount>
      <itemStatus>1</itemStatus>
      <LastUpdateDate />
      <LastUpdateTime />
    </Product>
    <Product>
      <PriceUpdateDate>2013/12/24 15:19</PriceUpdateDate>
      <ItemCode>7290005174551</ItemCode>
      <ItemType>1</ItemType>
      <ItemName>חומוס יום יום אחלה</ItemName>
      <ManufactureName>שטראוס גרופ ***בעמ</ManufactureName>
      <ManufactureCountry />
      <ManufactureItemDescription />
      <UnitQty>י"ח</UnitQty>
      <Quantity>125</Quantity>
      <UnitMeasure>ל  גרם</UnitMeasure>
      <BisWeighted>0</BisWeighted>
      <QtyInPackage>1</QtyInPackage>
      <ItemPrice>5</ItemPrice>
      <UnitOfMeasurePrice>4</UnitOfMeasurePrice>
      <AllowDiscount>0</AllowDiscount>
      <itemStatus>1</itemStatus>
      <LastUpdateDate />
      <LastUpdateTime />
    </Product>
    <Product>
      <PriceUpdateDate>2013/12/24 15:39</PriceUpdateDate>
      <ItemCode>7290005174568</ItemCode>
      <ItemType>1</ItemType>
      <ItemName>חצילים יום יום</ItemName>
      <ManufactureName>שטראוס גרופ ***בעמ</ManufactureName>
      <ManufactureCountry />
      <ManufactureItemDescription />
      <UnitQty>י"ח</UnitQty>
      <Quantity>125</Quantity>
      <UnitMeasure>ל  גרם</UnitMeasure>
      <BisWeighted>0</BisWeighted>
      <QtyInPackage>1</QtyInPackage>
      <ItemPrice>5</ItemPrice>
      <UnitOfMeasurePrice>4</UnitOfMeasurePrice>
      <AllowDiscount>0</AllowDiscount>
      <itemStatus>1</itemStatus>
      <LastUpdateDate />
      <LastUpdateTime />
    </Product>
    <Product>
      <PriceUpdateDate>2013/12/24 15:33</PriceUpdateDate>
      <ItemCode>7290005174575</ItemCode>
      <ItemType>1</ItemType>
      <ItemName>טחינה יום יום</ItemName>
      <ManufactureName>שטראוס גרופ ***בעמ</ManufactureName>
      <ManufactureCountry />
      <ManufactureItemDescription />
      <UnitQty>י"ח</UnitQty>
      <Quantity>125</Quantity>
      <UnitMeasure>ל  גרם</UnitMeasure>
      <BisWeighted>0</BisWeighted>
      <QtyInPackage>1</QtyInPackage>
      <ItemPrice>5</ItemPrice>
      <UnitOfMeasurePrice>4</UnitOfMeasurePrice>
      <AllowDiscount>0</AllowDiscount>
      <itemStatus>1</itemStatus>
      <LastUpdateDate />
      <LastUpdateTime />
    </Product>
    <Product>
      <PriceUpdateDate>2016/02/05 09:08</PriceUpdateDate>
      <ItemCode>7290005175589</ItemCode>
      <ItemType>1</ItemType>
      <ItemName>קמח תירס 1 ק"ג</ItemName>
      <ManufactureName>ג.וילי פוד אינטרנשיונל בעמ</ManufactureName>
      <ManufactureCountry />
      <ManufactureItemDescription />
      <UnitQty>י"ח</UnitQty>
      <Quantity>1</Quantity>
      <UnitMeasure>ק"ג</UnitMeasure>
      <BisWeighted>0</BisWeighted>
      <QtyInPackage>1</QtyInPackage>
      <ItemPrice>9.90</ItemPrice>
      <UnitOfMeasurePrice>9.90</UnitOfMeasurePrice>
      <AllowDiscount>0</AllowDiscount>
      <itemStatus>1</itemStatus>
      <LastUpdateDate />
      <LastUpdateTime />
    </Product>
    <Product>
      <PriceUpdateDate>2015/06/07 14:58</PriceUpdateDate>
      <ItemCode>7290005197758</ItemCode>
      <ItemType>1</ItemType>
      <ItemName>חיוכים שוקו  150במגש</ItemName>
      <ManufactureName>שטראוס גרופ בעמ</ManufactureName>
      <ManufactureCountry />
      <ManufactureItemDescription />
      <UnitQty>י"ח</UnitQty>
      <Quantity>150</Quantity>
      <UnitMeasure>ל  גרם</UnitMeasure>
      <BisWeighted>0</BisWeighted>
      <QtyInPackage>1</QtyInPackage>
      <ItemPrice>4.90</ItemPrice>
      <UnitOfMeasurePrice>3.27</UnitOfMeasurePrice>
      <AllowDiscount>0</AllowDiscount>
      <itemStatus>1</itemStatus>
      <LastUpdateDate />
      <LastUpdateTime />
    </Product>
    <Product>
      <PriceUpdateDate>2018/07/16 13:39</PriceUpdateDate>
      <ItemCode>7290005199288</ItemCode>
      <ItemType>1</ItemType>
      <ItemName>מסטיק מאסט פטל לימון</ItemName>
      <ManufactureName>שטראוס גרופ בעמ</ManufactureName>
      <ManufactureCountry />
      <ManufactureItemDescription />
      <UnitQty>י"ח</UnitQty>
      <Quantity>28</Quantity>
      <UnitMeasure>ל  גרם</UnitMeasure>
      <BisWeighted>0</BisWeighted>
      <QtyInPackage>1</QtyInPackage>
      <ItemPrice>4.50</ItemPrice>
      <UnitOfMeasurePrice>16.07</UnitOfMeasurePrice>
      <AllowDiscount>0</AllowDiscount>
      <itemStatus>1</itemStatus>
      <LastUpdateDate />
      <LastUpdateTime />
    </Product>
    <Product>
      <PriceUpdateDate>2016/03/06 16:24</PriceUpdateDate>
      <ItemCode>7290005199578</ItemCode>
      <ItemType>1</ItemType>
      <ItemName>פלאטינום נטול 200</ItemName>
      <ManufactureName>שטראוס גרופ בעמ</ManufactureName>
      <ManufactureCountry />
      <ManufactureItemDescription />
      <UnitQty>י"ח</UnitQty>
      <Quantity>200</Quantity>
      <UnitMeasure>ל  גרם</UnitMeasure>
      <BisWeighted>0</BisWeighted>
      <QtyInPackage>1</QtyInPackage>
      <ItemPrice>36.70</ItemPrice>
      <UnitOfMeasurePrice>18.35</UnitOfMeasurePrice>
      <AllowDiscount>1</AllowDiscount>
      <itemStatus>1</itemStatus>
      <LastUpdateDate />
      <LastUpdateTime />
    </Product>
    <Product>
      <PriceUpdateDate>2018/07/16 13:50</PriceUpdateDate>
      <ItemCode>7290005199622</ItemCode>
      <ItemType>1</ItemType>
      <ItemName>ביסקויט מריר חצות</ItemName>
      <ManufactureName>שטראוס גרופ בעמ</ManufactureName>
      <ManufactureCountry />
      <ManufactureItemDescription />
      <UnitQty>י"ח</UnitQty>
      <Quantity>200</Quantity>
      <UnitMeasure>ל  גרם</UnitMeasure>
      <BisWeighted>0</BisWeighted>
      <QtyInPackage>1</QtyInPackage>
      <ItemPrice>11.90</ItemPrice>
      <UnitOfMeasurePrice>5.95</UnitOfMeasurePrice>
      <AllowDiscount>0</AllowDiscount>
      <itemStatus>1</itemStatus>
      <LastUpdateDate />
      <LastUpdateTime />
    </Product>
    <Product>
      <PriceUpdateDate>2016/01/03 15:27</PriceUpdateDate>
      <ItemCode>7290005201455</ItemCode>
      <ItemType>1</ItemType>
      <ItemName>נס קפה ארומה 200 גרם</ItemName>
      <ManufactureName>שטראוס גרופ בעמ</ManufactureName>
      <ManufactureCountry />
      <ManufactureItemDescription />
      <UnitQty>י"ח</UnitQty>
      <Quantity>200</Quantity>
      <UnitMeasure>ל  גרם</UnitMeasure>
      <BisWeighted>0</BisWeighted>
      <QtyInPackage>1</QtyInPackage>
      <ItemPrice>24.90</ItemPrice>
      <UnitOfMeasurePrice>12.45</UnitOfMeasurePrice>
      <AllowDiscount>0</AllowDiscount>
      <itemStatus>1</itemStatus>
      <LastUpdateDate />
      <LastUpdateTime />
    </Product>
    <Product>
      <PriceUpdateDate>2018/12/09 14:44</PriceUpdateDate>
      <ItemCode>7290005201882</ItemCode>
      <ItemType>1</ItemType>
      <ItemName>קפה טורקי שקית 200 עלית</ItemName>
      <ManufactureName>שטראוס גרופ בעמ</ManufactureName>
      <ManufactureCountry />
      <ManufactureItemDescription />
      <UnitQty>י"ח</UnitQty>
      <Quantity>200</Quantity>
      <UnitMeasure>ל  גרם</UnitMeasure>
      <BisWeighted>0</BisWeighted>
      <QtyInPackage>1</QtyInPackage>
      <ItemPrice>17.90</ItemPrice>
      <UnitOfMeasurePrice>8.95</UnitOfMeasurePrice>
      <AllowDiscount>1</AllowDiscount>
      <itemStatus>1</itemStatus>
      <LastUpdateDate />
      <LastUpdateTime />
    </Product>
    <Product>
      <PriceUpdateDate>2020/03/15 19:43</PriceUpdateDate>
      <ItemCode>5271427</ItemCode>
      <ItemType>0</ItemType>
      <ItemName>ביצים גליקסמן 12  יח *`M.</ItemName>
      <ManufactureName>גליקסמן שיווק ביצים (1994 )</ManufactureName>
      <ManufactureCountry />
      <ManufactureItemDescription />
      <UnitQty>י"ח</UnitQty>
      <Quantity>12</Quantity>
      <UnitMeasure>י"ח</UnitMeasure>
      <BisWeighted>0</BisWeighted>
      <QtyInPackage>1</QtyInPackage>
      <ItemPrice>10.40</ItemPrice>
      <UnitOfMeasurePrice>0.87</UnitOfMeasurePrice>
      <AllowDiscount>0</AllowDiscount>
      <itemStatus>1</itemStatus>
      <LastUpdateDate />
      <LastUpdateTime />
    </Product>
    <Product>
      <PriceUpdateDate>2016/02/18 09:10</PriceUpdateDate>
      <ItemCode>5271540</ItemCode>
      <ItemType>0</ItemType>
      <ItemName>ביצים גליקסמן 12  יח`XL</ItemName>
      <ManufactureName>גליקסמן שיווק ביצים (1994 )</ManufactureName>
      <ManufactureCountry />
      <ManufactureItemDescription />
      <UnitQty>י"ח</UnitQty>
      <Quantity>12</Quantity>
      <UnitMeasure>י"ח</UnitMeasure>
      <BisWeighted>0</BisWeighted>
      <QtyInPackage>1</QtyInPackage>
      <ItemPrice>12.50</ItemPrice>
      <UnitOfMeasurePrice>1.04</UnitOfMeasurePrice>
      <AllowDiscount>0</AllowDiscount>
      <itemStatus>1</itemStatus>
      <LastUpdateDate />
      <LastUpdateTime />
    </Product>
    <Product>
      <PriceUpdateDate>2015/10/29 12:34</PriceUpdateDate>
      <ItemCode>7290005296246</ItemCode>
      <ItemType>1</ItemType>
      <ItemName>כלורקס פלמר לפתיחת סתימות</ItemName>
      <ManufactureName>יעקב יעקבי ובניו בעמ</ManufactureName>
      <ManufactureCountry />
      <ManufactureItemDescription />
      <UnitQty>י"ח</UnitQty>
      <Quantity>946</Quantity>
      <UnitMeasure>ל  מ"ל</UnitMeasure>
      <BisWeighted>0</BisWeighted>
      <QtyInPackage>1</QtyInPackage>
      <ItemPrice>30.60</ItemPrice>
      <UnitOfMeasurePrice>3.23</UnitOfMeasurePrice>
      <AllowDiscount>0</AllowDiscount>
      <itemStatus>1</itemStatus>
      <LastUpdateDate />
      <LastUpdateTime />
    </Product>
    <Product>
      <PriceUpdateDate>2017/11/06 12:50</PriceUpdateDate>
      <ItemCode>7290005296260</ItemCode>
      <ItemType>1</ItemType>
      <ItemName>אסטוניש רסס ונגב</ItemName>
      <ManufactureName>יעקב יעקבי ובניו בעמ</ManufactureName>
      <ManufactureCountry />
      <ManufactureItemDescription />
      <UnitQty>י"ח</UnitQty>
      <Quantity>750</Quantity>
      <UnitMeasure>ל  מ"ל</UnitMeasure>
      <BisWeighted>0</BisWeighted>
      <QtyInPackage>1</QtyInPackage>
      <ItemPrice>17.90</ItemPrice>
      <UnitOfMeasurePrice>2.39</UnitOfMeasurePrice>
      <AllowDiscount>1</AllowDiscount>
      <itemStatus>1</itemStatus>
      <LastUpdateDate />
      <LastUpdateTime />
    </Product>
    <Product>
      <PriceUpdateDate>2018/01/10 10:46</PriceUpdateDate>
      <ItemCode>5326523</ItemCode>
      <ItemType>0</ItemType>
      <ItemName>אוליביה פסטו פטרוזיליה ונענע 180גר</ItemName>
      <ManufactureName>גורי מוצרי צריכה בעמ</ManufactureName>
      <ManufactureCountry />
      <ManufactureItemDescription />
      <UnitQty>י"ח</UnitQty>
      <Quantity>180</Quantity>
      <UnitMeasure>ל  גרם</UnitMeasure>
      <BisWeighted>0</BisWeighted>
      <QtyInPackage>1</QtyInPackage>
      <ItemPrice>13.90</ItemPrice>
      <UnitOfMeasurePrice>7.72</UnitOfMeasurePrice>
      <AllowDiscount>0</AllowDiscount>
      <itemStatus>1</itemStatus>
      <LastUpdateDate />
      <LastUpdateTime />
    </Product>
    <Product>
      <PriceUpdateDate>2019/02/19 10:38</PriceUpdateDate>
      <ItemCode>7290005384837</ItemCode>
      <ItemType>1</ItemType>
      <ItemName>מיץ לימון 500 מ"ל מלימונים טריים</ItemName>
      <ManufactureName>ג.וילי פוד אינטרנשיונל בעמ</ManufactureName>
      <ManufactureCountry />
      <ManufactureItemDescription />
      <UnitQty>י"ח</UnitQty>
      <Quantity>500</Quantity>
      <UnitMeasure>ל  מ"ל</UnitMeasure>
      <BisWeighted>0</BisWeighted>
      <QtyInPackage>1</QtyInPackage>
      <ItemPrice>6.90</ItemPrice>
      <UnitOfMeasurePrice>1.38</UnitOfMeasurePrice>
      <AllowDiscount>0</AllowDiscount>
      <itemStatus>1</itemStatus>
      <LastUpdateDate />
      <LastUpdateTime />
    </Product>
    <Product>
      <PriceUpdateDate>2016/05/19 10:53</PriceUpdateDate>
      <ItemCode>5384899</ItemCode>
      <ItemType>0</ItemType>
      <ItemName>פטינה  בקר</ItemName>
      <ManufactureName>ג.וילי פוד אינטרנשיונל בעמ</ManufactureName>
      <ManufactureCountry />
      <ManufactureItemDescription />
      <UnitQty>ק"ג</UnitQty>
      <Quantity>1</Quantity>
      <UnitMeasure />
      <BisWeighted>1</BisWeighted>
      <QtyInPackage>1</QtyInPackage>
      <ItemPrice>26.90</ItemPrice>
      <UnitOfMeasurePrice>26.90</UnitOfMeasurePrice>
      <AllowDiscount>0</AllowDiscount>
      <itemStatus>1</itemStatus>
      <LastUpdateDate />
      <LastUpdateTime />
    </Product>
    <Product>
      <PriceUpdateDate>2019/12/09 14:32</PriceUpdateDate>
      <ItemCode>5423055</ItemCode>
      <ItemType>0</ItemType>
      <ItemName>סנו פורטה פלוס 750מ"ל לניחוח לימון</ItemName>
      <ManufactureName>החב הדרומית לשיווק</ManufactureName>
      <ManufactureCountry />
      <ManufactureItemDescription />
      <UnitQty>י"ח</UnitQty>
      <Quantity>750</Quantity>
      <UnitMeasure>ל  מ"ל</UnitMeasure>
      <BisWeighted>0</BisWeighted>
      <QtyInPackage>1</QtyInPackage>
      <ItemPrice>17.90</ItemPrice>
      <UnitOfMeasurePrice>2.39</UnitOfMeasurePrice>
      <AllowDiscount>0</AllowDiscount>
      <itemStatus>1</itemStatus>
      <LastUpdateDate />
      <LastUpdateTime />
    </Product>
    <Product>
      <PriceUpdateDate>2019/02/25 09:23</PriceUpdateDate>
      <ItemCode>5423338</ItemCode>
      <ItemType>0</ItemType>
      <ItemName>א.כביסה חכמה מקסימה 2.5 ק"ג</ItemName>
      <ManufactureName>החב הדרומית לשיווק</ManufactureName>
      <ManufactureCountry />
      <ManufactureItemDescription />
      <UnitQty>י"ח</UnitQty>
      <Quantity>2.50</Quantity>
      <UnitMeasure>ק"ג</UnitMeasure>
      <BisWeighted>0</BisWeighted>
      <QtyInPackage>1</QtyInPackage>
      <ItemPrice>24.90</ItemPrice>
      <UnitOfMeasurePrice>9.96</UnitOfMeasurePrice>
      <AllowDiscount>1</AllowDiscount>
      <itemStatus>1</itemStatus>
      <LastUpdateDate />
      <LastUpdateTime />
    </Product>
    <Product>
      <PriceUpdateDate>2014/05/04 11:55</PriceUpdateDate>
      <ItemCode>7290005423413</ItemCode>
      <ItemType>1</ItemType>
      <ItemName>מסיר   שומנים}סנו{פסגה</ItemName>
      <ManufactureName>החב הדרומית לשיווק</ManufactureName>
      <ManufactureCountry />
      <ManufactureItemDescription />
      <UnitQty>י"ח</UnitQty>
      <Quantity>750</Quantity>
      <UnitMeasure>ל  מ"ל</UnitMeasure>
      <BisWeighted>0</BisWeighted>
      <QtyInPackage>1</QtyInPackage>
      <ItemPrice>14.90</ItemPrice>
      <UnitOfMeasurePrice>1.99</UnitOfMeasurePrice>
      <AllowDiscount>0</AllowDiscount>
      <itemStatus>1</itemStatus>
      <LastUpdateDate />
      <LastUpdateTime />
    </Product>
    <Product>
      <PriceUpdateDate>2019/12/19 08:48</PriceUpdateDate>
      <ItemCode>5423543</ItemCode>
      <ItemType>0</ItemType>
      <ItemName>אורביטול להלבנת 145גר</ItemName>
      <ManufactureName>החב הדרומית לשיווק</ManufactureName>
      <ManufactureCountry />
      <ManufactureItemDescription />
      <UnitQty>י"ח</UnitQty>
      <Quantity>145</Quantity>
      <UnitMeasure>ל  גרם</UnitMeasure>
      <BisWeighted>0</BisWeighted>
      <QtyInPackage>1</QtyInPackage>
      <ItemPrice>8.90</ItemPrice>
      <UnitOfMeasurePrice>6.14</UnitOfMeasurePrice>
      <AllowDiscount>1</AllowDiscount>
      <itemStatus>1</itemStatus>
      <LastUpdateDate />
      <LastUpdateTime />
    </Product>
    <Product>
      <PriceUpdateDate>2020/02/03 10:08</PriceUpdateDate>
      <ItemCode>7290005423871</ItemCode>
      <ItemType>1</ItemType>
      <ItemName>אורביטול שלישיה סודה</ItemName>
      <ManufactureName>החב הדרומית לשיווק</ManufactureName>
      <ManufactureCountry />
      <ManufactureItemDescription />
      <UnitQty>י"ח</UnitQty>
      <Quantity>435</Quantity>
      <UnitMeasure>ל  גרם</UnitMeasure>
      <BisWeighted>0</BisWeighted>
      <QtyInPackage>1</QtyInPackage>
      <ItemPrice>16.90</ItemPrice>
      <UnitOfMeasurePrice>3.89</UnitOfMeasurePrice>
      <AllowDiscount>0</AllowDiscount>
      <itemStatus>1</itemStatus>
      <LastUpdateDate />
      <LastUpdateTime />
    </Product>
    <Product>
      <PriceUpdateDate>2019/12/04 14:54</PriceUpdateDate>
      <ItemCode>7290005424311</ItemCode>
      <ItemType>1</ItemType>
      <ItemName>רב קוטל סנון</ItemName>
      <ManufactureName>החב הדרומית לשיווק</ManufactureName>
      <ManufactureCountry />
      <ManufactureItemDescription />
      <UnitQty>י"ח</UnitQty>
      <Quantity>475</Quantity>
      <UnitMeasure>ל  מ"ל</UnitMeasure>
      <BisWeighted>0</BisWeighted>
      <QtyInPackage>1</QtyInPackage>
      <ItemPrice>19.90</ItemPrice>
      <UnitOfMeasurePrice>4.19</UnitOfMeasurePrice>
      <AllowDiscount>0</AllowDiscount>
      <itemStatus>1</itemStatus>
      <LastUpdateDate />
      <LastUpdateTime />
    </Product>
    <Product>
      <PriceUpdateDate>2018/11/08 17:58</PriceUpdateDate>
      <ItemCode>7290005424403</ItemCode>
      <ItemType>1</ItemType>
      <ItemName>אל סבון כיף 1 ליטר</ItemName>
      <ManufactureName>החב הדרומית לשיווק</ManufactureName>
      <ManufactureCountry />
      <ManufactureItemDescription />
      <UnitQty>י"ח</UnitQty>
      <Quantity>1</Quantity>
      <UnitMeasure>ליטר</UnitMeasure>
      <BisWeighted>0</BisWeighted>
      <QtyInPackage>1</QtyInPackage>
      <ItemPrice>10.90</ItemPrice>
      <UnitOfMeasurePrice>10.90</UnitOfMeasurePrice>
      <AllowDiscount>1</AllowDiscount>
      <itemStatus>1</itemStatus>
      <LastUpdateDate />
      <LastUpdateTime />
    </Product>
    <Product>
      <PriceUpdateDate>2019/12/04 14:54</PriceUpdateDate>
      <ItemCode>7290005424762</ItemCode>
      <ItemType>1</ItemType>
      <ItemName>ריצפז ווקס דוחה חרקים 2 ליטר</ItemName>
      <ManufactureName>החב הדרומית לשיווק</ManufactureName>
      <ManufactureCountry />
      <ManufactureItemDescription />
      <UnitQty>י"ח</UnitQty>
      <Quantity>2</Quantity>
      <UnitMeasure>ליטר</UnitMeasure>
      <BisWeighted>0</BisWeighted>
      <QtyInPackage>1</QtyInPackage>
      <ItemPrice>26.90</ItemPrice>
      <UnitOfMeasurePrice>13.45</UnitOfMeasurePrice>
      <AllowDiscount>0</AllowDiscount>
      <itemStatus>1</itemStatus>
      <LastUpdateDate />
      <LastUpdateTime />
    </Product>
    <Product>
      <PriceUpdateDate>2019/12/09 14:32</PriceUpdateDate>
      <ItemCode>7290005424847</ItemCode>
      <ItemType>1</ItemType>
      <ItemName>סנו סופט 150 מפיות לבן.</ItemName>
      <ManufactureName>החב הדרומית לשיווק</ManufactureName>
      <ManufactureCountry />
      <ManufactureItemDescription />
      <UnitQty>י"ח</UnitQty>
      <Quantity>150</Quantity>
      <UnitMeasure>י"ח</UnitMeasure>
      <BisWeighted>0</BisWeighted>
      <QtyInPackage>1</QtyInPackage>
      <ItemPrice>7.90</ItemPrice>
      <UnitOfMeasurePrice>0.05</UnitOfMeasurePrice>
      <AllowDiscount>0</AllowDiscount>
      <itemStatus>1</itemStatus>
      <LastUpdateDate />
      <LastUpdateTime />
    </Product>
    <Product>
      <PriceUpdateDate>2020/04/20 10:40</PriceUpdateDate>
      <ItemCode>5425110</ItemCode>
      <ItemType>0</ItemType>
      <ItemName>תרסיס חיטוי משטחים 99.9%</ItemName>
      <ManufactureName>החב הדרומית לשיווק</ManufactureName>
      <ManufactureCountry />
      <ManufactureItemDescription />
      <UnitQty>י"ח</UnitQty>
      <Quantity>750</Quantity>
      <UnitMeasure>ל  מ"ל</UnitMeasure>
      <BisWeighted>0</BisWeighted>
      <QtyInPackage>1</QtyInPackage>
      <ItemPrice>14.90</ItemPrice>
      <UnitOfMeasurePrice>1.99</UnitOfMeasurePrice>
      <AllowDiscount>1</AllowDiscount>
      <itemStatus>1</itemStatus>
      <LastUpdateDate />
      <LastUpdateTime />
    </Product>
    <Product>
      <PriceUpdateDate>2019/12/04 14:54</PriceUpdateDate>
      <ItemCode>7290005425202</ItemCode>
      <ItemType>1</ItemType>
      <ItemName>א.כביסה מקסימה 2.5 ק"ג</ItemName>
      <ManufactureName>החב הדרומית לשיווק</ManufactureName>
      <ManufactureCountry />
      <ManufactureItemDescription />
      <UnitQty>י"ח</UnitQty>
      <Quantity>2.50</Quantity>
      <UnitMeasure>ק"ג</UnitMeasure>
      <BisWeighted>0</BisWeighted>
      <QtyInPackage>1</QtyInPackage>
      <ItemPrice>25.90</ItemPrice>
      <UnitOfMeasurePrice>10.36</UnitOfMeasurePrice>
      <AllowDiscount>1</AllowDiscount>
      <itemStatus>1</itemStatus>
      <LastUpdateDate />
      <LastUpdateTime />
    </Product>
    <Product>
      <PriceUpdateDate>2020/02/17 09:37</PriceUpdateDate>
      <ItemCode>7290005425646</ItemCode>
      <ItemType>1</ItemType>
      <ItemName>סנו קליר אקדח 1ליטר</ItemName>
      <ManufactureName>החב הדרומית לשיווק</ManufactureName>
      <ManufactureCountry />
      <ManufactureItemDescription />
      <UnitQty>י"ח</UnitQty>
      <Quantity>1</Quantity>
      <UnitMeasure>ליטר</UnitMeasure>
      <BisWeighted>0</BisWeighted>
      <QtyInPackage>1</QtyInPackage>
      <ItemPrice>13.90</ItemPrice>
      <UnitOfMeasurePrice>13.90</UnitOfMeasurePrice>
      <AllowDiscount>1</AllowDiscount>
      <itemStatus>1</itemStatus>
      <LastUpdateDate />
      <LastUpdateTime />
    </Product>
    <Product>
      <PriceUpdateDate>2019/12/09 14:32</PriceUpdateDate>
      <ItemCode>7290005425714</ItemCode>
      <ItemType>1</ItemType>
      <ItemName>שמפו שטיחים פלוס</ItemName>
      <ManufactureName>החב הדרומית לשיווק</ManufactureName>
      <ManufactureCountry />
      <ManufactureItemDescription />
      <UnitQty>י"ח</UnitQty>
      <Quantity>600</Quantity>
      <UnitMeasure>ל  מ"ל</UnitMeasure>
      <BisWeighted>0</BisWeighted>
      <QtyInPackage>1</QtyInPackage>
      <ItemPrice>26.90</ItemPrice>
      <UnitOfMeasurePrice>4.48</UnitOfMeasurePrice>
      <AllowDiscount>0</AllowDiscount>
      <itemStatus>1</itemStatus>
      <LastUpdateDate />
      <LastUpdateTime />
    </Product>
    <Product>
      <PriceUpdateDate>2019/12/19 08:48</PriceUpdateDate>
      <ItemCode>7290005425745</ItemCode>
      <ItemType>1</ItemType>
      <ItemName>אורביטול אלפיין פרש</ItemName>
      <ManufactureName>החב הדרומית לשיווק</ManufactureName>
      <ManufactureCountry />
      <ManufactureItemDescription />
      <UnitQty>י"ח</UnitQty>
      <Quantity>145</Quantity>
      <UnitMeasure>ל  גרם</UnitMeasure>
      <BisWeighted>0</BisWeighted>
      <QtyInPackage>1</QtyInPackage>
      <ItemPrice>8.90</ItemPrice>
      <UnitOfMeasurePrice>6.14</UnitOfMeasurePrice>
      <AllowDiscount>1</AllowDiscount>
      <itemStatus>1</itemStatus>
      <LastUpdateDate />
      <LastUpdateTime />
    </Product>
    <Product>
      <PriceUpdateDate>2019/12/04 14:54</PriceUpdateDate>
      <ItemCode>7290005425912</ItemCode>
      <ItemType>1</ItemType>
      <ItemName>אוקסיג ן 4 ל  מסיר כתמים</ItemName>
      <ManufactureName>החב הדרומית לשיווק</ManufactureName>
      <ManufactureCountry />
      <ManufactureItemDescription />
      <UnitQty>י"ח</UnitQty>
      <Quantity>4</Quantity>
      <UnitMeasure>ליטר</UnitMeasure>
      <BisWeighted>0</BisWeighted>
      <QtyInPackage>1</QtyInPackage>
      <ItemPrice>32.90</ItemPrice>
      <UnitOfMeasurePrice>8.23</UnitOfMeasurePrice>
      <AllowDiscount>0</AllowDiscount>
      <itemStatus>1</itemStatus>
      <LastUpdateDate />
      <LastUpdateTime />
    </Product>
    <Product>
      <PriceUpdateDate>2019/12/04 14:54</PriceUpdateDate>
      <ItemCode>7290005426360</ItemCode>
      <ItemType>1</ItemType>
      <ItemName>תחליב רחצה קרמה דבש</ItemName>
      <ManufactureName>החב הדרומית לשיווק</ManufactureName>
      <ManufactureCountry />
      <ManufactureItemDescription />
      <UnitQty>י"ח</UnitQty>
      <Quantity>750</Quantity>
      <UnitMeasure>ל  מ"ל</UnitMeasure>
      <BisWeighted>0</BisWeighted>
      <QtyInPackage>1</QtyInPackage>
      <ItemPrice>15.90</ItemPrice>
      <UnitOfMeasurePrice>2.12</UnitOfMeasurePrice>
      <AllowDiscount>1</AllowDiscount>
      <itemStatus>1</itemStatus>
      <LastUpdateDate />
      <LastUpdateTime />
    </Product>
    <Product>
      <PriceUpdateDate>2019/12/09 14:32</PriceUpdateDate>
      <ItemCode>7290005426568</ItemCode>
      <ItemType>1</ItemType>
      <ItemName>לחות לשיער קרמה-רגיל</ItemName>
      <ManufactureName>החב הדרומית לשיווק</ManufactureName>
      <ManufactureCountry />
      <ManufactureItemDescription />
      <UnitQty>י"ח</UnitQty>
      <Quantity>400</Quantity>
      <UnitMeasure>ל  מ"ל</UnitMeasure>
      <BisWeighted>0</BisWeighted>
      <QtyInPackage>1</QtyInPackage>
      <ItemPrice>19.90</ItemPrice>
      <UnitOfMeasurePrice>4.98</UnitOfMeasurePrice>
      <AllowDiscount>0</AllowDiscount>
      <itemStatus>1</itemStatus>
      <LastUpdateDate />
      <LastUpdateTime />
    </Product>
    <Product>
      <PriceUpdateDate>2020/02/05 11:44</PriceUpdateDate>
      <ItemCode>7290005426964</ItemCode>
      <ItemType>1</ItemType>
      <ItemName>סנובון שלישייה כחול אפרסק</ItemName>
      <ManufactureName>החב הדרומית לשיווק</ManufactureName>
      <ManufactureCountry />
      <ManufactureItemDescription />
      <UnitQty>י"ח</UnitQty>
      <Quantity>165</Quantity>
      <UnitMeasure>ל  גרם</UnitMeasure>
      <BisWeighted>0</BisWeighted>
      <QtyInPackage>1</QtyInPackage>
      <ItemPrice>14.90</ItemPrice>
      <UnitOfMeasurePrice>9.03</UnitOfMeasurePrice>
      <AllowDiscount>1</AllowDiscount>
      <itemStatus>1</itemStatus>
      <LastUpdateDate />
      <LastUpdateTime />
    </Product>
    <Product>
      <PriceUpdateDate>2020/02/05 11:44</PriceUpdateDate>
      <ItemCode>7290005426971</ItemCode>
      <ItemType>1</ItemType>
      <ItemName>סנובון שלישייה כחול תפוח</ItemName>
      <ManufactureName>החב הדרומית לשיווק</ManufactureName>
      <ManufactureCountry />
      <ManufactureItemDescription />
      <UnitQty>י"ח</UnitQty>
      <Quantity>165</Quantity>
      <UnitMeasure>ל  גרם</UnitMeasure>
      <BisWeighted>0</BisWeighted>
      <QtyInPackage>1</QtyInPackage>
      <ItemPrice>14.90</ItemPrice>
      <UnitOfMeasurePrice>9.03</UnitOfMeasurePrice>
      <AllowDiscount>1</AllowDiscount>
      <itemStatus>1</itemStatus>
      <LastUpdateDate />
      <LastUpdateTime />
    </Product>
    <Product>
      <PriceUpdateDate>2019/12/04 14:54</PriceUpdateDate>
      <ItemCode>7290005427107</ItemCode>
      <ItemType>1</ItemType>
      <ItemName>מגבות   הפלא}סנו{שישייה</ItemName>
      <ManufactureName>החב הדרומית לשיווק</ManufactureName>
      <ManufactureCountry />
      <ManufactureItemDescription />
      <UnitQty>י"ח</UnitQty>
      <Quantity>570</Quantity>
      <UnitMeasure>ל  גרם</UnitMeasure>
      <BisWeighted>0</BisWeighted>
      <QtyInPackage>1</QtyInPackage>
      <ItemPrice>10.90</ItemPrice>
      <UnitOfMeasurePrice>1.91</UnitOfMeasurePrice>
      <AllowDiscount>0</AllowDiscount>
      <itemStatus>1</itemStatus>
      <LastUpdateDate />
      <LastUpdateTime />
    </Product>
    <Product>
      <PriceUpdateDate>2020/01/13 10:42</PriceUpdateDate>
      <ItemCode>7290005427725</ItemCode>
      <ItemType>1</ItemType>
      <ItemName>מגבונים ליטופים 5 יח</ItemName>
      <ManufactureName>החב הדרומית לשיווק</ManufactureName>
      <ManufactureCountry />
      <ManufactureItemDescription />
      <UnitQty>י"ח</UnitQty>
      <Quantity>5</Quantity>
      <UnitMeasure>י"ח</UnitMeasure>
      <BisWeighted>0</BisWeighted>
      <QtyInPackage>1</QtyInPackage>
      <ItemPrice>17.90</ItemPrice>
      <UnitOfMeasurePrice>3.58</UnitOfMeasurePrice>
      <AllowDiscount>0</AllowDiscount>
      <itemStatus>1</itemStatus>
      <LastUpdateDate />
      <LastUpdateTime />
    </Product>
    <Product>
      <PriceUpdateDate>2020/04/30 10:50</PriceUpdateDate>
      <ItemCode>7290005427749</ItemCode>
      <ItemType>1</ItemType>
      <ItemName>אלסבון כיף 2 ל  אצות ים</ItemName>
      <ManufactureName>החב הדרומית לשיווק</ManufactureName>
      <ManufactureCountry />
      <ManufactureItemDescription />
      <UnitQty>י"ח</UnitQty>
      <Quantity>2</Quantity>
      <UnitMeasure>ליטר</UnitMeasure>
      <BisWeighted>0</BisWeighted>
      <QtyInPackage>1</QtyInPackage>
      <ItemPrice>19.90</ItemPrice>
      <UnitOfMeasurePrice>9.95</UnitOfMeasurePrice>
      <AllowDiscount>0</AllowDiscount>
      <itemStatus>1</itemStatus>
      <LastUpdateDate />
      <LastUpdateTime />
    </Product>
    <Product>
      <PriceUpdateDate>2019/12/04 14:54</PriceUpdateDate>
      <ItemCode>7290005428852</ItemCode>
      <ItemType>1</ItemType>
      <ItemName>ממחטות   צבעוני סופט חמישייה</ItemName>
      <ManufactureName>החב הדרומית לשיווק</ManufactureName>
      <ManufactureCountry />
      <ManufactureItemDescription />
      <UnitQty>י"ח</UnitQty>
      <Quantity>650</Quantity>
      <UnitMeasure>ל  גרם</UnitMeasure>
      <BisWeighted>0</BisWeighted>
      <QtyInPackage>1</QtyInPackage>
      <ItemPrice>14.90</ItemPrice>
      <UnitOfMeasurePrice>2.29</UnitOfMeasurePrice>
      <AllowDiscount>0</AllowDiscount>
      <itemStatus>1</itemStatus>
      <LastUpdateDate />
      <LastUpdateTime />
    </Product>
    <Product>
      <PriceUpdateDate>2019/12/04 14:54</PriceUpdateDate>
      <ItemCode>7290005429279</ItemCode>
      <ItemType>1</ItemType>
      <ItemName>סנו מקסימה אפקט זאוול  6 ק"ג.</ItemName>
      <ManufactureName>החב הדרומית לשיווק</ManufactureName>
      <ManufactureCountry />
      <ManufactureItemDescription />
      <UnitQty>י"ח</UnitQty>
      <Quantity>6</Quantity>
      <UnitMeasure>ק"ג</UnitMeasure>
      <BisWeighted>0</BisWeighted>
      <QtyInPackage>1</QtyInPackage>
      <ItemPrice>44.90</ItemPrice>
      <UnitOfMeasurePrice>7.48</UnitOfMeasurePrice>
      <AllowDiscount>1</AllowDiscount>
      <itemStatus>1</itemStatus>
      <LastUpdateDate />
      <LastUpdateTime />
    </Product>
    <Product>
      <PriceUpdateDate>2019/11/07 08:15</PriceUpdateDate>
      <ItemCode>5431906</ItemCode>
      <ItemType>0</ItemType>
      <ItemName>קדאיף 82ג.</ItemName>
      <ManufactureName>תנובה בעמ ***</ManufactureName>
      <ManufactureCountry />
      <ManufactureItemDescription />
      <UnitQty>י"ח</UnitQty>
      <Quantity>82</Quantity>
      <UnitMeasure>ל  מ"ל</UnitMeasure>
      <BisWeighted>0</BisWeighted>
      <QtyInPackage>1</QtyInPackage>
      <ItemPrice>6.90</ItemPrice>
      <UnitOfMeasurePrice>8.41</UnitOfMeasurePrice>
      <AllowDiscount>0</AllowDiscount>
      <itemStatus>1</itemStatus>
      <LastUpdateDate />
      <LastUpdateTime />
    </Product>
    <Product>
      <PriceUpdateDate>2019/11/07 08:15</PriceUpdateDate>
      <ItemCode>5431913</ItemCode>
      <ItemType>0</ItemType>
      <ItemName>עוגת גבינה פירורים 92ג.</ItemName>
      <ManufactureName>תנובה בעמ ***</ManufactureName>
      <ManufactureCountry />
      <ManufactureItemDescription />
      <UnitQty>י"ח</UnitQty>
      <Quantity>92</Quantity>
      <UnitMeasure>ל  מ"ל</UnitMeasure>
      <BisWeighted>0</BisWeighted>
      <QtyInPackage>1</QtyInPackage>
      <ItemPrice>6.90</ItemPrice>
      <UnitOfMeasurePrice>7.50</UnitOfMeasurePrice>
      <AllowDiscount>0</AllowDiscount>
      <itemStatus>1</itemStatus>
      <LastUpdateDate />
      <LastUpdateTime />
    </Product>
    <Product>
      <PriceUpdateDate>2020/03/12 09:46</PriceUpdateDate>
      <ItemCode>7290005437601</ItemCode>
      <ItemType>1</ItemType>
      <ItemName>שמן חמניות 1 ליטר</ItemName>
      <ManufactureName>טעמן שווק מזון</ManufactureName>
      <ManufactureCountry />
      <ManufactureItemDescription />
      <UnitQty>י"ח</UnitQty>
      <Quantity>1</Quantity>
      <UnitMeasure>ליטר</UnitMeasure>
      <BisWeighted>0</BisWeighted>
      <QtyInPackage>1</QtyInPackage>
      <ItemPrice>7.90</ItemPrice>
      <UnitOfMeasurePrice>7.90</UnitOfMeasurePrice>
      <AllowDiscount>0</AllowDiscount>
      <itemStatus>1</itemStatus>
      <LastUpdateDate />
      <LastUpdateTime />
    </Product>
    <Product>
      <PriceUpdateDate>2013/10/31 17:10</PriceUpdateDate>
      <ItemCode>7290005500558</ItemCode>
      <ItemType>1</ItemType>
      <ItemName>ג ל חדש 1 ק"ג</ItemName>
      <ManufactureName>פנינה רוזנבלום בעמ</ManufactureName>
      <ManufactureCountry />
      <ManufactureItemDescription />
      <UnitQty>י"ח</UnitQty>
      <Quantity>1</Quantity>
      <UnitMeasure>ליטר</UnitMeasure>
      <BisWeighted>0</BisWeighted>
      <QtyInPackage>1</QtyInPackage>
      <ItemPrice>19.80</ItemPrice>
      <UnitOfMeasurePrice>19.80</UnitOfMeasurePrice>
      <AllowDiscount>0</AllowDiscount>
      <itemStatus>1</itemStatus>
      <LastUpdateDate />
      <LastUpdateTime />
    </Product>
    <Product>
      <PriceUpdateDate>2019/09/29 07:45</PriceUpdateDate>
      <ItemCode>7290005509445</ItemCode>
      <ItemType>1</ItemType>
      <ItemName>מיני קוקיס בטעם חמאה 600 ג`</ItemName>
      <ManufactureName>כרמית תעשיות ממתקים בעמ</ManufactureName>
      <ManufactureCountry />
      <ManufactureItemDescription />
      <UnitQty>י"ח</UnitQty>
      <Quantity>600</Quantity>
      <UnitMeasure>ס"מ</UnitMeasure>
      <BisWeighted>0</BisWeighted>
      <QtyInPackage>1</QtyInPackage>
      <ItemPrice>15.90</ItemPrice>
      <UnitOfMeasurePrice>2.65</UnitOfMeasurePrice>
      <AllowDiscount>0</AllowDiscount>
      <itemStatus>1</itemStatus>
      <LastUpdateDate />
      <LastUpdateTime />
    </Product>
    <Product>
      <PriceUpdateDate>2012/08/12 10:39</PriceUpdateDate>
      <ItemCode>5555502</ItemCode>
      <ItemType>0</ItemType>
      <ItemName>אריזת פקדון 30 אגורות</ItemName>
      <ManufactureName>שונות /שרות</ManufactureName>
      <ManufactureCountry />
      <ManufactureItemDescription />
      <UnitQty>י"ח</UnitQty>
      <Quantity>1</Quantity>
      <UnitMeasure />
      <BisWeighted>0</BisWeighted>
      <QtyInPackage>1</QtyInPackage>
      <ItemPrice>0.30</ItemPrice>
      <UnitOfMeasurePrice>0.30</UnitOfMeasurePrice>
      <AllowDiscount>0</AllowDiscount>
      <itemStatus>1</itemStatus>
      <LastUpdateDate />
      <LastUpdateTime />
    </Product>
    <Product>
      <PriceUpdateDate>2016/09/27 08:45</PriceUpdateDate>
      <ItemCode>7290005559709</ItemCode>
      <ItemType>1</ItemType>
      <ItemName>בורקס  פיצה}מעדנות{</ItemName>
      <ManufactureName>תנובה בשר</ManufactureName>
      <ManufactureCountry />
      <ManufactureItemDescription />
      <UnitQty>י"ח</UnitQty>
      <Quantity>700</Quantity>
      <UnitMeasure>ל  גרם</UnitMeasure>
      <BisWeighted>0</BisWeighted>
      <QtyInPackage>1</QtyInPackage>
      <ItemPrice>24.90</ItemPrice>
      <UnitOfMeasurePrice>3.56</UnitOfMeasurePrice>
      <AllowDiscount>1</AllowDiscount>
      <itemStatus>1</itemStatus>
      <LastUpdateDate />
      <LastUpdateTime />
    </Product>
    <Product>
      <PriceUpdateDate>2018/06/25 15:06</PriceUpdateDate>
      <ItemCode>5559907</ItemCode>
      <ItemType>0</ItemType>
      <ItemName>פיצה משפחתית גבינה 500 ג מעדנות</ItemName>
      <ManufactureName>תנובה בשר</ManufactureName>
      <ManufactureCountry />
      <ManufactureItemDescription />
      <UnitQty>י"ח</UnitQty>
      <Quantity>500</Quantity>
      <UnitMeasure>ל  גרם</UnitMeasure>
      <BisWeighted>0</BisWeighted>
      <QtyInPackage>1</QtyInPackage>
      <ItemPrice>23.90</ItemPrice>
      <UnitOfMeasurePrice>4.78</UnitOfMeasurePrice>
      <AllowDiscount>1</AllowDiscount>
      <itemStatus>1</itemStatus>
      <LastUpdateDate />
      <LastUpdateTime />
    </Product>
    <Product>
      <PriceUpdateDate>2020/01/20 21:13</PriceUpdateDate>
      <ItemCode>7290005559914</ItemCode>
      <ItemType>1</ItemType>
      <ItemName>פיצה משפחתית זיתים 550ג"ר מעדנות</ItemName>
      <ManufactureName>תנובה בשר</ManufactureName>
      <ManufactureCountry />
      <ManufactureItemDescription />
      <UnitQty>י"ח</UnitQty>
      <Quantity>550</Quantity>
      <UnitMeasure>ל  גרם</UnitMeasure>
      <BisWeighted>0</BisWeighted>
      <QtyInPackage>1</QtyInPackage>
      <ItemPrice>23.90</ItemPrice>
      <UnitOfMeasurePrice>4.35</UnitOfMeasurePrice>
      <AllowDiscount>1</AllowDiscount>
      <itemStatus>1</itemStatus>
      <LastUpdateDate />
      <LastUpdateTime />
    </Product>
    <Product>
      <PriceUpdateDate>2015/08/30 13:12</PriceUpdateDate>
      <ItemCode>7290005559990</ItemCode>
      <ItemType>1</ItemType>
      <ItemName>בצק פילאס טורקי</ItemName>
      <ManufactureName>תנובה בשר</ManufactureName>
      <ManufactureCountry />
      <ManufactureItemDescription />
      <UnitQty>י"ח</UnitQty>
      <Quantity>600</Quantity>
      <UnitMeasure>ל  גרם</UnitMeasure>
      <BisWeighted>0</BisWeighted>
      <QtyInPackage>1</QtyInPackage>
      <ItemPrice>21.90</ItemPrice>
      <UnitOfMeasurePrice>3.65</UnitOfMeasurePrice>
      <AllowDiscount>1</AllowDiscount>
      <itemStatus>1</itemStatus>
      <LastUpdateDate />
      <LastUpdateTime />
    </Product>
    <Product>
      <PriceUpdateDate>2018/11/08 17:47</PriceUpdateDate>
      <ItemCode>7290005564253</ItemCode>
      <ItemType>1</ItemType>
      <ItemName>ספרינג אגסים 1.5 ליטר</ItemName>
      <ManufactureName>יפאורה שותפות מוגבלת לשיווק</ManufactureName>
      <ManufactureCountry />
      <ManufactureItemDescription />
      <UnitQty>י"ח</UnitQty>
      <Quantity>1.50</Quantity>
      <UnitMeasure>ליטר</UnitMeasure>
      <BisWeighted>0</BisWeighted>
      <QtyInPackage>1</QtyInPackage>
      <ItemPrice>6.20</ItemPrice>
      <UnitOfMeasurePrice>4.13</UnitOfMeasurePrice>
      <AllowDiscount>1</AllowDiscount>
      <itemStatus>1</itemStatus>
      <LastUpdateDate />
      <LastUpdateTime />
    </Product>
    <Product>
      <PriceUpdateDate>2019/01/27 13:10</PriceUpdateDate>
      <ItemCode>7290005564680</ItemCode>
      <ItemType>1</ItemType>
      <ItemName>תפוזינה-לימונים   1.5 ל</ItemName>
      <ManufactureName>יפאורה שותפות מוגבלת לשיווק</ManufactureName>
      <ManufactureCountry />
      <ManufactureItemDescription />
      <UnitQty>י"ח</UnitQty>
      <Quantity>1.50</Quantity>
      <UnitMeasure>ליטר</UnitMeasure>
      <BisWeighted>0</BisWeighted>
      <QtyInPackage>1</QtyInPackage>
      <ItemPrice>5.90</ItemPrice>
      <UnitOfMeasurePrice>3.93</UnitOfMeasurePrice>
      <AllowDiscount>1</AllowDiscount>
      <itemStatus>1</itemStatus>
      <LastUpdateDate />
      <LastUpdateTime />
    </Product>
    <Product>
      <PriceUpdateDate>2014/10/13 14:15</PriceUpdateDate>
      <ItemCode>7290005564970</ItemCode>
      <ItemType>1</ItemType>
      <ItemName>קריסטל 2 ליטר תפוח מוגז</ItemName>
      <ManufactureName>יפאורה שותפות מוגבלת לשיווק</ManufactureName>
      <ManufactureCountry />
      <ManufactureItemDescription />
      <UnitQty>י"ח</UnitQty>
      <Quantity>2</Quantity>
      <UnitMeasure>ליטר</UnitMeasure>
      <BisWeighted>0</BisWeighted>
      <QtyInPackage>1</QtyInPackage>
      <ItemPrice>3.90</ItemPrice>
      <UnitOfMeasurePrice>1.95</UnitOfMeasurePrice>
      <AllowDiscount>1</AllowDiscount>
      <itemStatus>1</itemStatus>
      <LastUpdateDate />
      <LastUpdateTime />
    </Product>
    <Product>
      <PriceUpdateDate>2018/11/27 10:01</PriceUpdateDate>
      <ItemCode>7290005604133</ItemCode>
      <ItemType>1</ItemType>
      <ItemName>פריגת מנגו 1.5 ל</ItemName>
      <ManufactureName>חברה המרכזית להפצת משקאות בעמ</ManufactureName>
      <ManufactureCountry />
      <ManufactureItemDescription />
      <UnitQty>י"ח</UnitQty>
      <Quantity>1.50</Quantity>
      <UnitMeasure>ליטר</UnitMeasure>
      <BisWeighted>0</BisWeighted>
      <QtyInPackage>1</QtyInPackage>
      <ItemPrice>6.90</ItemPrice>
      <UnitOfMeasurePrice>4.60</UnitOfMeasurePrice>
      <AllowDiscount>1</AllowDiscount>
      <itemStatus>1</itemStatus>
      <LastUpdateDate />
      <LastUpdateTime />
    </Product>
    <Product>
      <PriceUpdateDate>2018/11/27 10:01</PriceUpdateDate>
      <ItemCode>7290005604652</ItemCode>
      <ItemType>1</ItemType>
      <ItemName>פאנטה ענבים 1.5ל</ItemName>
      <ManufactureName>חברה המרכזית להפצת משקאות בעמ</ManufactureName>
      <ManufactureCountry />
      <ManufactureItemDescription />
      <UnitQty>י"ח</UnitQty>
      <Quantity>1.50</Quantity>
      <UnitMeasure>ליטר</UnitMeasure>
      <BisWeighted>0</BisWeighted>
      <QtyInPackage>1</QtyInPackage>
      <ItemPrice>7</ItemPrice>
      <UnitOfMeasurePrice>4.67</UnitOfMeasurePrice>
      <AllowDiscount>0</AllowDiscount>
      <itemStatus>1</itemStatus>
      <LastUpdateDate />
      <LastUpdateTime />
    </Product>
    <Product>
      <PriceUpdateDate>2018/11/27 10:01</PriceUpdateDate>
      <ItemCode>7290005605901</ItemCode>
      <ItemType>1</ItemType>
      <ItemName>פאנטה אקזוטי 1.5 ליטר</ItemName>
      <ManufactureName>חברה המרכזית להפצת משקאות בעמ</ManufactureName>
      <ManufactureCountry />
      <ManufactureItemDescription />
      <UnitQty>י"ח</UnitQty>
      <Quantity>1.50</Quantity>
      <UnitMeasure>ליטר</UnitMeasure>
      <BisWeighted>0</BisWeighted>
      <QtyInPackage>1</QtyInPackage>
      <ItemPrice>7</ItemPrice>
      <UnitOfMeasurePrice>4.67</UnitOfMeasurePrice>
      <AllowDiscount>0</AllowDiscount>
      <itemStatus>1</itemStatus>
      <LastUpdateDate />
      <LastUpdateTime />
    </Product>
    <Product>
      <PriceUpdateDate>2020/03/15 19:49</PriceUpdateDate>
      <ItemCode>5610448</ItemCode>
      <ItemType>0</ItemType>
      <ItemName>גזר ארוז</ItemName>
      <ManufactureName>ביכורי הנגב מ.ד בעמ</ManufactureName>
      <ManufactureCountry />
      <ManufactureItemDescription />
      <UnitQty>ק"ג</UnitQty>
      <Quantity>1</Quantity>
      <UnitMeasure>ק"ג</UnitMeasure>
      <BisWeighted>1</BisWeighted>
      <QtyInPackage>1</QtyInPackage>
      <ItemPrice>4.90</ItemPrice>
      <UnitOfMeasurePrice>4.90</UnitOfMeasurePrice>
      <AllowDiscount>0</AllowDiscount>
      <itemStatus>1</itemStatus>
      <LastUpdateDate />
      <LastUpdateTime />
    </Product>
    <Product>
      <PriceUpdateDate>2020/02/25 10:11</PriceUpdateDate>
      <ItemCode>5610509</ItemCode>
      <ItemType>0</ItemType>
      <ItemName>צנונית ארוזה</ItemName>
      <ManufactureName>ביכורי הנגב מ.ד בעמ</ManufactureName>
      <ManufactureCountry />
      <ManufactureItemDescription />
      <UnitQty>י"ח</UnitQty>
      <Quantity>1</Quantity>
      <UnitMeasure />
      <BisWeighted>0</BisWeighted>
      <QtyInPackage>1</QtyInPackage>
      <ItemPrice>6.90</ItemPrice>
      <UnitOfMeasurePrice>6.90</UnitOfMeasurePrice>
      <AllowDiscount>1</AllowDiscount>
      <itemStatus>1</itemStatus>
      <LastUpdateDate />
      <LastUpdateTime />
    </Product>
    <Product>
      <PriceUpdateDate>2019/01/22 13:21</PriceUpdateDate>
      <ItemCode>7290005651427</ItemCode>
      <ItemType>1</ItemType>
      <ItemName>בונזו מעדן 415גר.</ItemName>
      <ManufactureName>דיפלומט בעמ</ManufactureName>
      <ManufactureCountry />
      <ManufactureItemDescription />
      <UnitQty>י"ח</UnitQty>
      <Quantity>1.24</Quantity>
      <UnitMeasure>ק"ג</UnitMeasure>
      <BisWeighted>0</BisWeighted>
      <QtyInPackage>1</QtyInPackage>
      <ItemPrice>17.90</ItemPrice>
      <UnitOfMeasurePrice>14.44</UnitOfMeasurePrice>
      <AllowDiscount>0</AllowDiscount>
      <itemStatus>1</itemStatus>
      <LastUpdateDate />
      <LastUpdateTime />
    </Product>
    <Product>
      <PriceUpdateDate>2020/04/28 08:15</PriceUpdateDate>
      <ItemCode>7290005678011</ItemCode>
      <ItemType>1</ItemType>
      <ItemName>ענבים לבנים טלי ללא חרצנים</ItemName>
      <ManufactureName>ביכורי הנגב מ.ד בעמ</ManufactureName>
      <ManufactureCountry />
      <ManufactureItemDescription />
      <UnitQty>ק"ג</UnitQty>
      <Quantity>1</Quantity>
      <UnitMeasure />
      <BisWeighted>1</BisWeighted>
      <QtyInPackage>1</QtyInPackage>
      <ItemPrice>39.90</ItemPrice>
      <UnitOfMeasurePrice>39.90</UnitOfMeasurePrice>
      <AllowDiscount>0</AllowDiscount>
      <itemStatus>1</itemStatus>
      <LastUpdateDate />
      <LastUpdateTime />
    </Product>
    <Product>
      <PriceUpdateDate>2020/04/28 08:15</PriceUpdateDate>
      <ItemCode>5678165</ItemCode>
      <ItemType>0</ItemType>
      <ItemName>ענבים לבן</ItemName>
      <ManufactureName>ביכורי הנגב מ.ד בעמ</ManufactureName>
      <ManufactureCountry />
      <ManufactureItemDescription />
      <UnitQty>ק"ג</UnitQty>
      <Quantity>1</Quantity>
      <UnitMeasure />
      <BisWeighted>1</BisWeighted>
      <QtyInPackage>1</QtyInPackage>
      <ItemPrice>39.90</ItemPrice>
      <UnitOfMeasurePrice>39.90</UnitOfMeasurePrice>
      <AllowDiscount>0</AllowDiscount>
      <itemStatus>1</itemStatus>
      <LastUpdateDate />
      <LastUpdateTime />
    </Product>
    <Product>
      <PriceUpdateDate>2020/04/28 08:15</PriceUpdateDate>
      <ItemCode>5678318</ItemCode>
      <ItemType>0</ItemType>
      <ItemName>ענב טלי בוטיק אוטם קריספי</ItemName>
      <ManufactureName>ביכורי הנגב מ.ד בעמ</ManufactureName>
      <ManufactureCountry />
      <ManufactureItemDescription />
      <UnitQty>ק"ג</UnitQty>
      <Quantity>1</Quantity>
      <UnitMeasure />
      <BisWeighted>1</BisWeighted>
      <QtyInPackage>1</QtyInPackage>
      <ItemPrice>39.90</ItemPrice>
      <UnitOfMeasurePrice>39.90</UnitOfMeasurePrice>
      <AllowDiscount>0</AllowDiscount>
      <itemStatus>1</itemStatus>
      <LastUpdateDate />
      <LastUpdateTime />
    </Product>
    <Product>
      <PriceUpdateDate>2020/04/28 08:15</PriceUpdateDate>
      <ItemCode>5678387</ItemCode>
      <ItemType>0</ItemType>
      <ItemName>ענב טלי</ItemName>
      <ManufactureName>ביכורי הנגב מ.ד בעמ</ManufactureName>
      <ManufactureCountry />
      <ManufactureItemDescription />
      <UnitQty>ק"ג</UnitQty>
      <Quantity>1</Quantity>
      <UnitMeasure />
      <BisWeighted>1</BisWeighted>
      <QtyInPackage>1</QtyInPackage>
      <ItemPrice>39.90</ItemPrice>
      <UnitOfMeasurePrice>39.90</UnitOfMeasurePrice>
      <AllowDiscount>0</AllowDiscount>
      <itemStatus>1</itemStatus>
      <LastUpdateDate />
      <LastUpdateTime />
    </Product>
    <Product>
      <PriceUpdateDate>2020/04/28 08:15</PriceUpdateDate>
      <ItemCode>5678844</ItemCode>
      <ItemType>0</ItemType>
      <ItemName>ענבים לבן טימפסון</ItemName>
      <ManufactureName>ביכורי הנגב מ.ד בעמ</ManufactureName>
      <ManufactureCountry />
      <ManufactureItemDescription />
      <UnitQty>ק"ג</UnitQty>
      <Quantity>1</Quantity>
      <UnitMeasure />
      <BisWeighted>1</BisWeighted>
      <QtyInPackage>1</QtyInPackage>
      <ItemPrice>39.90</ItemPrice>
      <UnitOfMeasurePrice>39.90</UnitOfMeasurePrice>
      <AllowDiscount>0</AllowDiscount>
      <itemStatus>1</itemStatus>
      <LastUpdateDate />
      <LastUpdateTime />
    </Product>
    <Product>
      <PriceUpdateDate>2014/01/08 12:50</PriceUpdateDate>
      <ItemCode>7290005733666</ItemCode>
      <ItemType>1</ItemType>
      <ItemName>מוצרי פופ</ItemName>
      <ManufactureName>צעצועי דורון ~~~</ManufactureName>
      <ManufactureCountry />
      <ManufactureItemDescription />
      <UnitQty>י"ח</UnitQty>
      <Quantity>1</Quantity>
      <UnitMeasure />
      <BisWeighted>0</BisWeighted>
      <QtyInPackage>1</QtyInPackage>
      <ItemPrice>20</ItemPrice>
      <UnitOfMeasurePrice>20</UnitOfMeasurePrice>
      <AllowDiscount>0</AllowDiscount>
      <itemStatus>1</itemStatus>
      <LastUpdateDate />
      <LastUpdateTime />
    </Product>
    <Product>
      <PriceUpdateDate>2014/01/08 12:50</PriceUpdateDate>
      <ItemCode>7290005735523</ItemCode>
      <ItemType>1</ItemType>
      <ItemName>כלי רכב</ItemName>
      <ManufactureName>צעצועי דורון ~~~</ManufactureName>
      <ManufactureCountry />
      <ManufactureItemDescription />
      <UnitQty>י"ח</UnitQty>
      <Quantity>1</Quantity>
      <UnitMeasure />
      <BisWeighted>0</BisWeighted>
      <QtyInPackage>1</QtyInPackage>
      <ItemPrice>20</ItemPrice>
      <UnitOfMeasurePrice>20</UnitOfMeasurePrice>
      <AllowDiscount>0</AllowDiscount>
      <itemStatus>1</itemStatus>
      <LastUpdateDate />
      <LastUpdateTime />
    </Product>
    <Product>
      <PriceUpdateDate>2014/01/08 12:50</PriceUpdateDate>
      <ItemCode>7290005736063</ItemCode>
      <ItemType>1</ItemType>
      <ItemName>משחקים בקופסא</ItemName>
      <ManufactureName>צעצועי דורון ~~~</ManufactureName>
      <ManufactureCountry />
      <ManufactureItemDescription />
      <UnitQty>י"ח</UnitQty>
      <Quantity>1</Quantity>
      <UnitMeasure />
      <BisWeighted>0</BisWeighted>
      <QtyInPackage>1</QtyInPackage>
      <ItemPrice>20</ItemPrice>
      <UnitOfMeasurePrice>20</UnitOfMeasurePrice>
      <AllowDiscount>0</AllowDiscount>
      <itemStatus>1</itemStatus>
      <LastUpdateDate />
      <LastUpdateTime />
    </Product>
    <Product>
      <PriceUpdateDate>2013/12/17 16:48</PriceUpdateDate>
      <ItemCode>7290005803628</ItemCode>
      <ItemType>1</ItemType>
      <ItemName>קרחון מלון עם סוכריות</ItemName>
      <ManufactureName>נגה גלידות</ManufactureName>
      <ManufactureCountry />
      <ManufactureItemDescription />
      <UnitQty>י"ח</UnitQty>
      <Quantity>1</Quantity>
      <UnitMeasure />
      <BisWeighted>0</BisWeighted>
      <QtyInPackage>1</QtyInPackage>
      <ItemPrice>2.50</ItemPrice>
      <UnitOfMeasurePrice>2.50</UnitOfMeasurePrice>
      <AllowDiscount>0</AllowDiscount>
      <itemStatus>1</itemStatus>
      <LastUpdateDate />
      <LastUpdateTime />
    </Product>
    <Product>
      <PriceUpdateDate>2015/11/05 16:18</PriceUpdateDate>
      <ItemCode>7290005838002</ItemCode>
      <ItemType>1</ItemType>
      <ItemName>דניאלה בטעם יוגורט וניל</ItemName>
      <ManufactureName>שטראוס גרופ ***בעמ</ManufactureName>
      <ManufactureCountry />
      <ManufactureItemDescription />
      <UnitQty>י"ח</UnitQty>
      <Quantity>150</Quantity>
      <UnitMeasure>ל  מ"ל</UnitMeasure>
      <BisWeighted>0</BisWeighted>
      <QtyInPackage>1</QtyInPackage>
      <ItemPrice>4.30</ItemPrice>
      <UnitOfMeasurePrice>2.87</UnitOfMeasurePrice>
      <AllowDiscount>0</AllowDiscount>
      <itemStatus>1</itemStatus>
      <LastUpdateDate />
      <LastUpdateTime />
    </Product>
    <Product>
      <PriceUpdateDate>2014/05/26 11:59</PriceUpdateDate>
      <ItemCode>7290005838613</ItemCode>
      <ItemType>1</ItemType>
      <ItemName>סקי וניל 3%</ItemName>
      <ManufactureName>שטראוס גרופ ***בעמ</ManufactureName>
      <ManufactureCountry />
      <ManufactureItemDescription />
      <UnitQty>י"ח</UnitQty>
      <Quantity>125</Quantity>
      <UnitMeasure>ל  גרם</UnitMeasure>
      <BisWeighted>0</BisWeighted>
      <QtyInPackage>1</QtyInPackage>
      <ItemPrice>3.90</ItemPrice>
      <UnitOfMeasurePrice>3.12</UnitOfMeasurePrice>
      <AllowDiscount>1</AllowDiscount>
      <itemStatus>1</itemStatus>
      <LastUpdateDate />
      <LastUpdateTime />
    </Product>
    <Product>
      <PriceUpdateDate>2016/05/04 13:25</PriceUpdateDate>
      <ItemCode>7290005839078</ItemCode>
      <ItemType>1</ItemType>
      <ItemName>מארז שמיניה  ביו 3% 150גר</ItemName>
      <ManufactureName>שטראוס גרופ ***בעמ</ManufactureName>
      <ManufactureCountry />
      <ManufactureItemDescription />
      <UnitQty>י"ח</UnitQty>
      <Quantity>1.20</Quantity>
      <UnitMeasure>ליטר</UnitMeasure>
      <BisWeighted>0</BisWeighted>
      <QtyInPackage>1</QtyInPackage>
      <ItemPrice>16.90</ItemPrice>
      <UnitOfMeasurePrice>14.08</UnitOfMeasurePrice>
      <AllowDiscount>0</AllowDiscount>
      <itemStatus>1</itemStatus>
      <LastUpdateDate />
      <LastUpdateTime />
    </Product>
    <Product>
      <PriceUpdateDate>2019/01/13 12:52</PriceUpdateDate>
      <ItemCode>7290005839108</ItemCode>
      <ItemType>1</ItemType>
      <ItemName>סימפוניה עם זיתים</ItemName>
      <ManufactureName>שטראוס גרופ ***בעמ</ManufactureName>
      <ManufactureCountry />
      <ManufactureItemDescription />
      <UnitQty>י"ח</UnitQty>
      <Quantity>200</Quantity>
      <UnitMeasure>ל  גרם</UnitMeasure>
      <BisWeighted>0</BisWeighted>
      <QtyInPackage>1</QtyInPackage>
      <ItemPrice>11.60</ItemPrice>
      <UnitOfMeasurePrice>5.80</UnitOfMeasurePrice>
      <AllowDiscount>0</AllowDiscount>
      <itemStatus>1</itemStatus>
      <LastUpdateDate />
      <LastUpdateTime />
    </Product>
    <Product>
      <PriceUpdateDate>2017/03/01 08:46</PriceUpdateDate>
      <ItemCode>7290005854613</ItemCode>
      <ItemType>1</ItemType>
      <ItemName>תותי פרוטי</ItemName>
      <ManufactureName>גלידות שטראוס בעמ</ManufactureName>
      <ManufactureCountry />
      <ManufactureItemDescription />
      <UnitQty>י"ח</UnitQty>
      <Quantity>1</Quantity>
      <UnitMeasure />
      <BisWeighted>0</BisWeighted>
      <QtyInPackage>1</QtyInPackage>
      <ItemPrice>3.90</ItemPrice>
      <UnitOfMeasurePrice>3.90</UnitOfMeasurePrice>
      <AllowDiscount>1</AllowDiscount>
      <itemStatus>1</itemStatus>
      <LastUpdateDate />
      <LastUpdateTime />
    </Product>
    <Product>
      <PriceUpdateDate>2016/02/29 14:00</PriceUpdateDate>
      <ItemCode>7290005896415</ItemCode>
      <ItemType>1</ItemType>
      <ItemName>בירה איגל פחית 500מייל</ItemName>
      <ManufactureName>טמפו משקאות בעמ</ManufactureName>
      <ManufactureCountry />
      <ManufactureItemDescription />
      <UnitQty>י"ח</UnitQty>
      <Quantity>500</Quantity>
      <UnitMeasure>ל  מ"ל</UnitMeasure>
      <BisWeighted>0</BisWeighted>
      <QtyInPackage>1</QtyInPackage>
      <ItemPrice>6.20</ItemPrice>
      <UnitOfMeasurePrice>1.18</UnitOfMeasurePrice>
      <AllowDiscount>1</AllowDiscount>
      <itemStatus>1</itemStatus>
      <LastUpdateDate />
      <LastUpdateTime />
    </Product>
    <Product>
      <PriceUpdateDate>2018/12/14 11:34</PriceUpdateDate>
      <ItemCode>5896439</ItemCode>
      <ItemType>0</ItemType>
      <ItemName>מכבי בקבוק}חוזר   {500מ"ל</ItemName>
      <ManufactureName>טמפו משקאות בעמ</ManufactureName>
      <ManufactureCountry />
      <ManufactureItemDescription />
      <UnitQty>י"ח</UnitQty>
      <Quantity>500</Quantity>
      <UnitMeasure>ל  מ"ל</UnitMeasure>
      <BisWeighted>0</BisWeighted>
      <QtyInPackage>1</QtyInPackage>
      <ItemPrice>6.60</ItemPrice>
      <UnitOfMeasurePrice>1.08</UnitOfMeasurePrice>
      <AllowDiscount>1</AllowDiscount>
      <itemStatus>1</itemStatus>
      <LastUpdateDate />
      <LastUpdateTime />
    </Product>
    <Product>
      <PriceUpdateDate>2018/12/14 11:34</PriceUpdateDate>
      <ItemCode>5896453</ItemCode>
      <ItemType>0</ItemType>
      <ItemName>מכבי  7.9% 500מ"ל בקבוק חוזר</ItemName>
      <ManufactureName>טמפו משקאות בעמ</ManufactureName>
      <ManufactureCountry />
      <ManufactureItemDescription />
      <UnitQty>י"ח</UnitQty>
      <Quantity>500</Quantity>
      <UnitMeasure>ל  מ"ל</UnitMeasure>
      <BisWeighted>0</BisWeighted>
      <QtyInPackage>1</QtyInPackage>
      <ItemPrice>7.30</ItemPrice>
      <UnitOfMeasurePrice>1.22</UnitOfMeasurePrice>
      <AllowDiscount>1</AllowDiscount>
      <itemStatus>1</itemStatus>
      <LastUpdateDate />
      <LastUpdateTime />
    </Product>
    <Product>
      <PriceUpdateDate>2018/12/14 11:34</PriceUpdateDate>
      <ItemCode>7290005896828</ItemCode>
      <ItemType>1</ItemType>
      <ItemName>סאן בנדטו שישיה 1.5 ל</ItemName>
      <ManufactureName>טמפו משקאות בעמ</ManufactureName>
      <ManufactureCountry />
      <ManufactureItemDescription />
      <UnitQty>י"ח</UnitQty>
      <Quantity>9</Quantity>
      <UnitMeasure>ליטר</UnitMeasure>
      <BisWeighted>0</BisWeighted>
      <QtyInPackage>1</QtyInPackage>
      <ItemPrice>16.90</ItemPrice>
      <UnitOfMeasurePrice>1.88</UnitOfMeasurePrice>
      <AllowDiscount>1</AllowDiscount>
      <itemStatus>1</itemStatus>
      <LastUpdateDate />
      <LastUpdateTime />
    </Product>
    <Product>
      <PriceUpdateDate>2018/12/14 11:34</PriceUpdateDate>
      <ItemCode>7290005896835</ItemCode>
      <ItemType>1</ItemType>
      <ItemName>סאן בנדטו  מוגז שישיה 1.5 ליטר</ItemName>
      <ManufactureName>טמפו משקאות בעמ</ManufactureName>
      <ManufactureCountry />
      <ManufactureItemDescription />
      <UnitQty>י"ח</UnitQty>
      <Quantity>9</Quantity>
      <UnitMeasure>ליטר</UnitMeasure>
      <BisWeighted>0</BisWeighted>
      <QtyInPackage>1</QtyInPackage>
      <ItemPrice>17.90</ItemPrice>
      <UnitOfMeasurePrice>1.99</UnitOfMeasurePrice>
      <AllowDiscount>1</AllowDiscount>
      <itemStatus>1</itemStatus>
      <LastUpdateDate />
      <LastUpdateTime />
    </Product>
    <Product>
      <PriceUpdateDate>2016/03/07 19:03</PriceUpdateDate>
      <ItemCode>7290005938238</ItemCode>
      <ItemType>1</ItemType>
      <ItemName>צ ימצ ורי 220 גרם</ItemName>
      <ManufactureName>נטו מלינדה סחר בעמ</ManufactureName>
      <ManufactureCountry />
      <ManufactureItemDescription />
      <UnitQty>י"ח</UnitQty>
      <Quantity>220</Quantity>
      <UnitMeasure>ל  גרם</UnitMeasure>
      <BisWeighted>0</BisWeighted>
      <QtyInPackage>1</QtyInPackage>
      <ItemPrice>18.90</ItemPrice>
      <UnitOfMeasurePrice>8.59</UnitOfMeasurePrice>
      <AllowDiscount>0</AllowDiscount>
      <itemStatus>1</itemStatus>
      <LastUpdateDate />
      <LastUpdateTime />
    </Product>
    <Product>
      <PriceUpdateDate>2016/03/07 19:03</PriceUpdateDate>
      <ItemCode>7290005938245</ItemCode>
      <ItemType>1</ItemType>
      <ItemName>פסטו קלאסי 220 גרם</ItemName>
      <ManufactureName>נטו מלינדה סחר בעמ</ManufactureName>
      <ManufactureCountry />
      <ManufactureItemDescription />
      <UnitQty>י"ח</UnitQty>
      <Quantity>220</Quantity>
      <UnitMeasure>ל  גרם</UnitMeasure>
      <BisWeighted>0</BisWeighted>
      <QtyInPackage>1</QtyInPackage>
      <ItemPrice>18.90</ItemPrice>
      <UnitOfMeasurePrice>8.59</UnitOfMeasurePrice>
      <AllowDiscount>0</AllowDiscount>
      <itemStatus>1</itemStatus>
      <LastUpdateDate />
      <LastUpdateTime />
    </Product>
    <Product>
      <PriceUpdateDate>2020/03/03 14:45</PriceUpdateDate>
      <ItemCode>5966033</ItemCode>
      <ItemType>0</ItemType>
      <ItemName>יין הר חרמון לבן 750 מ"ל</ItemName>
      <ManufactureName>היכל היין שקד גולן בעמ</ManufactureName>
      <ManufactureCountry />
      <ManufactureItemDescription />
      <UnitQty>י"ח</UnitQty>
      <Quantity>750</Quantity>
      <UnitMeasure>ל  מ"ל</UnitMeasure>
      <BisWeighted>0</BisWeighted>
      <QtyInPackage>1</QtyInPackage>
      <ItemPrice>32.90</ItemPrice>
      <UnitOfMeasurePrice>4.35</UnitOfMeasurePrice>
      <AllowDiscount>1</AllowDiscount>
      <itemStatus>1</itemStatus>
      <LastUpdateDate />
      <LastUpdateTime />
    </Product>
    <Product>
      <PriceUpdateDate>2018/10/07 16:48</PriceUpdateDate>
      <ItemCode>5992858</ItemCode>
      <ItemType>0</ItemType>
      <ItemName>פטה עיזים  גד שקיל</ItemName>
      <ManufactureName>מחלבות גד</ManufactureName>
      <ManufactureCountry />
      <ManufactureItemDescription />
      <UnitQty>ק"ג</UnitQty>
      <Quantity>300</Quantity>
      <UnitMeasure>ל  גרם</UnitMeasure>
      <BisWeighted>1</BisWeighted>
      <QtyInPackage>1</QtyInPackage>
      <ItemPrice>117.90</ItemPrice>
      <UnitOfMeasurePrice>39.30</UnitOfMeasurePrice>
      <AllowDiscount>0</AllowDiscount>
      <itemStatus>1</itemStatus>
      <LastUpdateDate />
      <LastUpdateTime />
    </Product>
    <Product>
      <PriceUpdateDate>2018/12/10 10:30</PriceUpdateDate>
      <ItemCode>5992872</ItemCode>
      <ItemType>0</ItemType>
      <ItemName>צפתית 5% במים}גד {.</ItemName>
      <ManufactureName>מחלבות גד</ManufactureName>
      <ManufactureCountry />
      <ManufactureItemDescription />
      <UnitQty>ק"ג</UnitQty>
      <Quantity>1</Quantity>
      <UnitMeasure />
      <BisWeighted>1</BisWeighted>
      <QtyInPackage>1</QtyInPackage>
      <ItemPrice>57.90</ItemPrice>
      <UnitOfMeasurePrice>57.90</UnitOfMeasurePrice>
      <AllowDiscount>1</AllowDiscount>
      <itemStatus>1</itemStatus>
      <LastUpdateDate />
      <LastUpdateTime />
    </Product>
    <Product>
      <PriceUpdateDate>2020/02/25 09:15</PriceUpdateDate>
      <ItemCode>5996030</ItemCode>
      <ItemType>0</ItemType>
      <ItemName>פסטרמה בטיבול שוארמה 300ג</ItemName>
      <ManufactureName>מעדני יחיעם 1993 בעמ</ManufactureName>
      <ManufactureCountry />
      <ManufactureItemDescription />
      <UnitQty>י"ח</UnitQty>
      <Quantity>300</Quantity>
      <UnitMeasure>ל  גרם</UnitMeasure>
      <BisWeighted>0</BisWeighted>
      <QtyInPackage>1</QtyInPackage>
      <ItemPrice>29.90</ItemPrice>
      <UnitOfMeasurePrice>9.97</UnitOfMeasurePrice>
      <AllowDiscount>1</AllowDiscount>
      <itemStatus>1</itemStatus>
      <LastUpdateDate />
      <LastUpdateTime />
    </Product>
    <Product>
      <PriceUpdateDate>2020/03/19 14:28</PriceUpdateDate>
      <ItemCode>5996078</ItemCode>
      <ItemType>0</ItemType>
      <ItemName>סרוולט הונגרי 125ג</ItemName>
      <ManufactureName>מעדני יחיעם 1993 בעמ</ManufactureName>
      <ManufactureCountry />
      <ManufactureItemDescription />
      <UnitQty>י"ח</UnitQty>
      <Quantity>125</Quantity>
      <UnitMeasure>ל  גרם</UnitMeasure>
      <BisWeighted>0</BisWeighted>
      <QtyInPackage>1</QtyInPackage>
      <ItemPrice>27.90</ItemPrice>
      <UnitOfMeasurePrice>22.32</UnitOfMeasurePrice>
      <AllowDiscount>1</AllowDiscount>
      <itemStatus>1</itemStatus>
      <LastUpdateDate />
      <LastUpdateTime />
    </Product>
    <Product>
      <PriceUpdateDate>2018/12/14 11:34</PriceUpdateDate>
      <ItemCode>6229007</ItemCode>
      <ItemType>0</ItemType>
      <ItemName>ג אמפ ענבים לבנים  1.5 ליטר</ItemName>
      <ManufactureName>טמפו משקאות בעמ</ManufactureName>
      <ManufactureCountry />
      <ManufactureItemDescription />
      <UnitQty>י"ח</UnitQty>
      <Quantity>1.50</Quantity>
      <UnitMeasure>ליטר</UnitMeasure>
      <BisWeighted>0</BisWeighted>
      <QtyInPackage>1</QtyInPackage>
      <ItemPrice>5.90</ItemPrice>
      <UnitOfMeasurePrice>3.93</UnitOfMeasurePrice>
      <AllowDiscount>1</AllowDiscount>
      <itemStatus>1</itemStatus>
      <LastUpdateDate />
      <LastUpdateTime />
    </Product>
    <Product>
      <PriceUpdateDate>2018/12/14 11:34</PriceUpdateDate>
      <ItemCode>6229076</ItemCode>
      <ItemType>0</ItemType>
      <ItemName>ג אמפ אפרסק 1.5 ליטר</ItemName>
      <ManufactureName>טמפו משקאות בעמ</ManufactureName>
      <ManufactureCountry />
      <ManufactureItemDescription />
      <UnitQty>י"ח</UnitQty>
      <Quantity>1.50</Quantity>
      <UnitMeasure>ליטר</UnitMeasure>
      <BisWeighted>0</BisWeighted>
      <QtyInPackage>1</QtyInPackage>
      <ItemPrice>5.90</ItemPrice>
      <UnitOfMeasurePrice>3.93</UnitOfMeasurePrice>
      <AllowDiscount>1</AllowDiscount>
      <itemStatus>1</itemStatus>
      <LastUpdateDate />
      <LastUpdateTime />
    </Product>
    <Product>
      <PriceUpdateDate>2019/09/05 07:52</PriceUpdateDate>
      <ItemCode>6229090</ItemCode>
      <ItemType>0</ItemType>
      <ItemName>ג אמפ דובדבן אגס 1.5 ליטר</ItemName>
      <ManufactureName>טמפו משקאות בעמ</ManufactureName>
      <ManufactureCountry />
      <ManufactureItemDescription />
      <UnitQty>י"ח</UnitQty>
      <Quantity>1.50</Quantity>
      <UnitMeasure>ליטר</UnitMeasure>
      <BisWeighted>0</BisWeighted>
      <QtyInPackage>1</QtyInPackage>
      <ItemPrice>5.90</ItemPrice>
      <UnitOfMeasurePrice>3.93</UnitOfMeasurePrice>
      <AllowDiscount>1</AllowDiscount>
      <itemStatus>1</itemStatus>
      <LastUpdateDate />
      <LastUpdateTime />
    </Product>
    <Product>
      <PriceUpdateDate>2016/02/29 13:59</PriceUpdateDate>
      <ItemCode>7290006229588</ItemCode>
      <ItemType>1</ItemType>
      <ItemName>בירה איגל פחית זהב 500מ"ל</ItemName>
      <ManufactureName>טמפו משקאות בעמ</ManufactureName>
      <ManufactureCountry />
      <ManufactureItemDescription />
      <UnitQty>י"ח</UnitQty>
      <Quantity>330</Quantity>
      <UnitMeasure>ל  מ"ל</UnitMeasure>
      <BisWeighted>0</BisWeighted>
      <QtyInPackage>1</QtyInPackage>
      <ItemPrice>6.20</ItemPrice>
      <UnitOfMeasurePrice>1.79</UnitOfMeasurePrice>
      <AllowDiscount>1</AllowDiscount>
      <itemStatus>1</itemStatus>
      <LastUpdateDate />
      <LastUpdateTime />
    </Product>
    <Product>
      <PriceUpdateDate>2020/02/03 10:40</PriceUpdateDate>
      <ItemCode>7290006235053</ItemCode>
      <ItemType>1</ItemType>
      <ItemName>ד"ר פישר סרקל מארז זוג</ItemName>
      <ManufactureName>פישר תעשיות פרמבצטיות בעמ</ManufactureName>
      <ManufactureCountry />
      <ManufactureItemDescription />
      <UnitQty>י"ח</UnitQty>
      <Quantity>1.50</Quantity>
      <UnitMeasure>ליטר</UnitMeasure>
      <BisWeighted>0</BisWeighted>
      <QtyInPackage>1</QtyInPackage>
      <ItemPrice>39.90</ItemPrice>
      <UnitOfMeasurePrice>26.60</UnitOfMeasurePrice>
      <AllowDiscount>1</AllowDiscount>
      <itemStatus>1</itemStatus>
      <LastUpdateDate />
      <LastUpdateTime />
    </Product>
    <Product>
      <PriceUpdateDate>2018/06/04 14:26</PriceUpdateDate>
      <ItemCode>7290006241153</ItemCode>
      <ItemType>1</ItemType>
      <ItemName>פקאן סיני 150 גרם</ItemName>
      <ManufactureName>ליימן שליסל</ManufactureName>
      <ManufactureCountry />
      <ManufactureItemDescription />
      <UnitQty>י"ח</UnitQty>
      <Quantity>150</Quantity>
      <UnitMeasure>ל  גרם</UnitMeasure>
      <BisWeighted>0</BisWeighted>
      <QtyInPackage>1</QtyInPackage>
      <ItemPrice>20.90</ItemPrice>
      <UnitOfMeasurePrice>13.93</UnitOfMeasurePrice>
      <AllowDiscount>0</AllowDiscount>
      <itemStatus>1</itemStatus>
      <LastUpdateDate />
      <LastUpdateTime />
    </Product>
    <Product>
      <PriceUpdateDate>2013/12/03 13:48</PriceUpdateDate>
      <ItemCode>7290006241191</ItemCode>
      <ItemType>1</ItemType>
      <ItemName>אגוז מלך שקית 150 גרם</ItemName>
      <ManufactureName>ליימן שליסל</ManufactureName>
      <ManufactureCountry />
      <ManufactureItemDescription />
      <UnitQty>י"ח</UnitQty>
      <Quantity>150</Quantity>
      <UnitMeasure>ל  גרם</UnitMeasure>
      <BisWeighted>0</BisWeighted>
      <QtyInPackage>1</QtyInPackage>
      <ItemPrice>17.90</ItemPrice>
      <UnitOfMeasurePrice>11.93</UnitOfMeasurePrice>
      <AllowDiscount>0</AllowDiscount>
      <itemStatus>1</itemStatus>
      <LastUpdateDate />
      <LastUpdateTime />
    </Product>
    <Product>
      <PriceUpdateDate>2013/12/03 13:56</PriceUpdateDate>
      <ItemCode>7290006241214</ItemCode>
      <ItemType>1</ItemType>
      <ItemName>שקד טבעי שקית</ItemName>
      <ManufactureName>ליימן שליסל</ManufactureName>
      <ManufactureCountry />
      <ManufactureItemDescription />
      <UnitQty>י"ח</UnitQty>
      <Quantity>200</Quantity>
      <UnitMeasure>ל  גרם</UnitMeasure>
      <BisWeighted>0</BisWeighted>
      <QtyInPackage>1</QtyInPackage>
      <ItemPrice>20.60</ItemPrice>
      <UnitOfMeasurePrice>10.30</UnitOfMeasurePrice>
      <AllowDiscount>0</AllowDiscount>
      <itemStatus>1</itemStatus>
      <LastUpdateDate />
      <LastUpdateTime />
    </Product>
    <Product>
      <PriceUpdateDate>2017/10/24 11:04</PriceUpdateDate>
      <ItemCode>7290006265500</ItemCode>
      <ItemType>1</ItemType>
      <ItemName>פטריות שמפיניון</ItemName>
      <ManufactureName>ביכורי הנגב מ.ד בעמ</ManufactureName>
      <ManufactureCountry />
      <ManufactureItemDescription />
      <UnitQty>י"ח</UnitQty>
      <Quantity>1</Quantity>
      <UnitMeasure />
      <BisWeighted>0</BisWeighted>
      <QtyInPackage>1</QtyInPackage>
      <ItemPrice>10.90</ItemPrice>
      <UnitOfMeasurePrice>10.90</UnitOfMeasurePrice>
      <AllowDiscount>1</AllowDiscount>
      <itemStatus>1</itemStatus>
      <LastUpdateDate />
      <LastUpdateTime />
    </Product>
    <Product>
      <PriceUpdateDate>2013/12/12 13:49</PriceUpdateDate>
      <ItemCode>6271174</ItemCode>
      <ItemType>0</ItemType>
      <ItemName>ג חנון  בצק}מעדנות 700 ג</ItemName>
      <ManufactureName>תנובה בשר</ManufactureName>
      <ManufactureCountry />
      <ManufactureItemDescription />
      <UnitQty>י"ח</UnitQty>
      <Quantity>700</Quantity>
      <UnitMeasure>ל  גרם</UnitMeasure>
      <BisWeighted>0</BisWeighted>
      <QtyInPackage>1</QtyInPackage>
      <ItemPrice>17.90</ItemPrice>
      <UnitOfMeasurePrice>2.56</UnitOfMeasurePrice>
      <AllowDiscount>1</AllowDiscount>
      <itemStatus>1</itemStatus>
      <LastUpdateDate />
      <LastUpdateTime />
    </Product>
    <Product>
      <PriceUpdateDate>2013/12/12 13:51</PriceUpdateDate>
      <ItemCode>7290006271181</ItemCode>
      <ItemType>1</ItemType>
      <ItemName>ג חנון מעדנות אפוי למיקרוגל 750 ג</ItemName>
      <ManufactureName>תנובה בשר</ManufactureName>
      <ManufactureCountry />
      <ManufactureItemDescription />
      <UnitQty>י"ח</UnitQty>
      <Quantity>750</Quantity>
      <UnitMeasure>ל  גרם</UnitMeasure>
      <BisWeighted>0</BisWeighted>
      <QtyInPackage>1</QtyInPackage>
      <ItemPrice>23.90</ItemPrice>
      <UnitOfMeasurePrice>3.19</UnitOfMeasurePrice>
      <AllowDiscount>1</AllowDiscount>
      <itemStatus>1</itemStatus>
      <LastUpdateDate />
      <LastUpdateTime />
    </Product>
    <Product>
      <PriceUpdateDate>2014/01/09 10:32</PriceUpdateDate>
      <ItemCode>7290006271648</ItemCode>
      <ItemType>1</ItemType>
      <ItemName>מיני בורקס תפו"א</ItemName>
      <ManufactureName>תנובה בשר</ManufactureName>
      <ManufactureCountry />
      <ManufactureItemDescription />
      <UnitQty>י"ח</UnitQty>
      <Quantity>650</Quantity>
      <UnitMeasure>ל  גרם</UnitMeasure>
      <BisWeighted>0</BisWeighted>
      <QtyInPackage>1</QtyInPackage>
      <ItemPrice>22.90</ItemPrice>
      <UnitOfMeasurePrice>3.52</UnitOfMeasurePrice>
      <AllowDiscount>1</AllowDiscount>
      <itemStatus>1</itemStatus>
      <LastUpdateDate />
      <LastUpdateTime />
    </Product>
    <Product>
      <PriceUpdateDate>2017/10/16 10:32</PriceUpdateDate>
      <ItemCode>7290006271655</ItemCode>
      <ItemType>1</ItemType>
      <ItemName>מיני בורקס גבינה</ItemName>
      <ManufactureName>תנובה בשר</ManufactureName>
      <ManufactureCountry />
      <ManufactureItemDescription />
      <UnitQty>י"ח</UnitQty>
      <Quantity>800</Quantity>
      <UnitMeasure>ל  גרם</UnitMeasure>
      <BisWeighted>0</BisWeighted>
      <QtyInPackage>1</QtyInPackage>
      <ItemPrice>24.90</ItemPrice>
      <UnitOfMeasurePrice>3.11</UnitOfMeasurePrice>
      <AllowDiscount>1</AllowDiscount>
      <itemStatus>1</itemStatus>
      <LastUpdateDate />
      <LastUpdateTime />
    </Product>
    <Product>
      <PriceUpdateDate>2016/05/01 11:00</PriceUpdateDate>
      <ItemCode>7290006271754</ItemCode>
      <ItemType>1</ItemType>
      <ItemName>ג חנון בצק 1 ק"ג</ItemName>
      <ManufactureName>תנובה בשר</ManufactureName>
      <ManufactureCountry />
      <ManufactureItemDescription />
      <UnitQty>י"ח</UnitQty>
      <Quantity>1</Quantity>
      <UnitMeasure>ק"ג</UnitMeasure>
      <BisWeighted>0</BisWeighted>
      <QtyInPackage>1</QtyInPackage>
      <ItemPrice>21.90</ItemPrice>
      <UnitOfMeasurePrice>21.90</UnitOfMeasurePrice>
      <AllowDiscount>1</AllowDiscount>
      <itemStatus>1</itemStatus>
      <LastUpdateDate />
      <LastUpdateTime />
    </Product>
    <Product>
      <PriceUpdateDate>2014/01/16 13:49</PriceUpdateDate>
      <ItemCode>7290006271761</ItemCode>
      <ItemType>1</ItemType>
      <ItemName>מיני ג חנון אפוי</ItemName>
      <ManufactureName>תנובה בשר</ManufactureName>
      <ManufactureCountry />
      <ManufactureItemDescription />
      <UnitQty>י"ח</UnitQty>
      <Quantity>600</Quantity>
      <UnitMeasure>ל  גרם</UnitMeasure>
      <BisWeighted>0</BisWeighted>
      <QtyInPackage>1</QtyInPackage>
      <ItemPrice>22</ItemPrice>
      <UnitOfMeasurePrice>3.67</UnitOfMeasurePrice>
      <AllowDiscount>1</AllowDiscount>
      <itemStatus>1</itemStatus>
      <LastUpdateDate />
      <LastUpdateTime />
    </Product>
    <Product>
      <PriceUpdateDate>2018/07/16 13:08</PriceUpdateDate>
      <ItemCode>7290006306302</ItemCode>
      <ItemType>1</ItemType>
      <ItemName>רביולי  גבינה פסטה נונה</ItemName>
      <ManufactureName>מחלבות גד</ManufactureName>
      <ManufactureCountry />
      <ManufactureItemDescription />
      <UnitQty>י"ח</UnitQty>
      <Quantity>400</Quantity>
      <UnitMeasure>ל  גרם</UnitMeasure>
      <BisWeighted>0</BisWeighted>
      <QtyInPackage>1</QtyInPackage>
      <ItemPrice>23.90</ItemPrice>
      <UnitOfMeasurePrice>5.98</UnitOfMeasurePrice>
      <AllowDiscount>1</AllowDiscount>
      <itemStatus>1</itemStatus>
      <LastUpdateDate />
      <LastUpdateTime />
    </Product>
    <Product>
      <PriceUpdateDate>2018/07/16 13:08</PriceUpdateDate>
      <ItemCode>7290006306319</ItemCode>
      <ItemType>1</ItemType>
      <ItemName>רביולי בטטה פסטה נונה</ItemName>
      <ManufactureName>מחלבות גד</ManufactureName>
      <ManufactureCountry />
      <ManufactureItemDescription />
      <UnitQty>י"ח</UnitQty>
      <Quantity>400</Quantity>
      <UnitMeasure>ל  גרם</UnitMeasure>
      <BisWeighted>0</BisWeighted>
      <QtyInPackage>1</QtyInPackage>
      <ItemPrice>23.90</ItemPrice>
      <UnitOfMeasurePrice>5.98</UnitOfMeasurePrice>
      <AllowDiscount>1</AllowDiscount>
      <itemStatus>1</itemStatus>
      <LastUpdateDate />
      <LastUpdateTime />
    </Product>
    <Product>
      <PriceUpdateDate>2014/06/02 15:40</PriceUpdateDate>
      <ItemCode>7290006378460</ItemCode>
      <ItemType>1</ItemType>
      <ItemName>צמד רדיד אלומיניום קצר המותג 7.5*30</ItemName>
      <ManufactureName>דין שיווק *****</ManufactureName>
      <ManufactureCountry />
      <ManufactureItemDescription />
      <UnitQty>י"ח</UnitQty>
      <Quantity>1</Quantity>
      <UnitMeasure>י"ח</UnitMeasure>
      <BisWeighted>0</BisWeighted>
      <QtyInPackage>1</QtyInPackage>
      <ItemPrice>10.90</ItemPrice>
      <UnitOfMeasurePrice>10.90</UnitOfMeasurePrice>
      <AllowDiscount>0</AllowDiscount>
      <itemStatus>1</itemStatus>
      <LastUpdateDate />
      <LastUpdateTime />
    </Product>
    <Product>
      <PriceUpdateDate>2014/06/02 15:39</PriceUpdateDate>
      <ItemCode>7290006378477</ItemCode>
      <ItemType>1</ItemType>
      <ItemName>צמד רדיד אלומיניום ארוך המותג</ItemName>
      <ManufactureName>דין שיווק *****</ManufactureName>
      <ManufactureCountry />
      <ManufactureItemDescription />
      <UnitQty>י"ח</UnitQty>
      <Quantity>1</Quantity>
      <UnitMeasure>י"ח</UnitMeasure>
      <BisWeighted>0</BisWeighted>
      <QtyInPackage>1</QtyInPackage>
      <ItemPrice>12.90</ItemPrice>
      <UnitOfMeasurePrice>12.90</UnitOfMeasurePrice>
      <AllowDiscount>0</AllowDiscount>
      <itemStatus>1</itemStatus>
      <LastUpdateDate />
      <LastUpdateTime />
    </Product>
    <Product>
      <PriceUpdateDate>2020/03/29 15:19</PriceUpdateDate>
      <ItemCode>7290006380142</ItemCode>
      <ItemType>1</ItemType>
      <ItemName>גזר ארוז</ItemName>
      <ManufactureName>ביכורי הנגב מ.ד בעמ</ManufactureName>
      <ManufactureCountry />
      <ManufactureItemDescription />
      <UnitQty>ק"ג</UnitQty>
      <Quantity>1</Quantity>
      <UnitMeasure>ק"ג</UnitMeasure>
      <BisWeighted>1</BisWeighted>
      <QtyInPackage>1</QtyInPackage>
      <ItemPrice>4.90</ItemPrice>
      <UnitOfMeasurePrice>4.90</UnitOfMeasurePrice>
      <AllowDiscount>0</AllowDiscount>
      <itemStatus>1</itemStatus>
      <LastUpdateDate />
      <LastUpdateTime />
    </Product>
    <Product>
      <PriceUpdateDate>2016/11/20 15:53</PriceUpdateDate>
      <ItemCode>6459497</ItemCode>
      <ItemType>0</ItemType>
      <ItemName>פחם שקד אפריקאי 2ק"ג.</ItemName>
      <ManufactureName>ציון תורגמן בעמ</ManufactureName>
      <ManufactureCountry />
      <ManufactureItemDescription />
      <UnitQty>י"ח</UnitQty>
      <Quantity>2</Quantity>
      <UnitMeasure>ק"ג</UnitMeasure>
      <BisWeighted>0</BisWeighted>
      <QtyInPackage>1</QtyInPackage>
      <ItemPrice>24.90</ItemPrice>
      <UnitOfMeasurePrice>12.45</UnitOfMeasurePrice>
      <AllowDiscount>0</AllowDiscount>
      <itemStatus>1</itemStatus>
      <LastUpdateDate />
      <LastUpdateTime />
    </Product>
    <Product>
      <PriceUpdateDate>2018/10/07 16:48</PriceUpdateDate>
      <ItemCode>7290006492432</ItemCode>
      <ItemType>1</ItemType>
      <ItemName>מוצרלה בייבי 150 ג</ItemName>
      <ManufactureName>מחלבות גד</ManufactureName>
      <ManufactureCountry />
      <ManufactureItemDescription />
      <UnitQty>י"ח</UnitQty>
      <Quantity>1</Quantity>
      <UnitMeasure />
      <BisWeighted>0</BisWeighted>
      <QtyInPackage>1</QtyInPackage>
      <ItemPrice>14.90</ItemPrice>
      <UnitOfMeasurePrice>14.90</UnitOfMeasurePrice>
      <AllowDiscount>1</AllowDiscount>
      <itemStatus>1</itemStatus>
      <LastUpdateDate />
      <LastUpdateTime />
    </Product>
    <Product>
      <PriceUpdateDate>2018/10/10 16:44</PriceUpdateDate>
      <ItemCode>7290006492616</ItemCode>
      <ItemType>1</ItemType>
      <ItemName>בולגרית פרוסות 5% גד 250 ג`</ItemName>
      <ManufactureName>מחלבות גד</ManufactureName>
      <ManufactureCountry />
      <ManufactureItemDescription />
      <UnitQty>י"ח</UnitQty>
      <Quantity>250</Quantity>
      <UnitMeasure>ל  גרם</UnitMeasure>
      <BisWeighted>0</BisWeighted>
      <QtyInPackage>1</QtyInPackage>
      <ItemPrice>25.20</ItemPrice>
      <UnitOfMeasurePrice>10.08</UnitOfMeasurePrice>
      <AllowDiscount>1</AllowDiscount>
      <itemStatus>1</itemStatus>
      <LastUpdateDate />
      <LastUpdateTime />
    </Product>
    <Product>
      <PriceUpdateDate>2018/10/07 16:48</PriceUpdateDate>
      <ItemCode>7290006492630</ItemCode>
      <ItemType>1</ItemType>
      <ItemName>גדעזים גליל 180 ג גד</ItemName>
      <ManufactureName>מחלבות גד</ManufactureName>
      <ManufactureCountry />
      <ManufactureItemDescription />
      <UnitQty>י"ח</UnitQty>
      <Quantity>1</Quantity>
      <UnitMeasure />
      <BisWeighted>0</BisWeighted>
      <QtyInPackage>1</QtyInPackage>
      <ItemPrice>21.90</ItemPrice>
      <UnitOfMeasurePrice>21.90</UnitOfMeasurePrice>
      <AllowDiscount>1</AllowDiscount>
      <itemStatus>1</itemStatus>
      <LastUpdateDate />
      <LastUpdateTime />
    </Product>
    <Product>
      <PriceUpdateDate>2018/10/07 16:48</PriceUpdateDate>
      <ItemCode>7290006492685</ItemCode>
      <ItemType>1</ItemType>
      <ItemName>לבנה 250 גרם</ItemName>
      <ManufactureName>מחלבות גד</ManufactureName>
      <ManufactureCountry />
      <ManufactureItemDescription />
      <UnitQty>י"ח</UnitQty>
      <Quantity>250</Quantity>
      <UnitMeasure>ל  גרם</UnitMeasure>
      <BisWeighted>0</BisWeighted>
      <QtyInPackage>1</QtyInPackage>
      <ItemPrice>16.90</ItemPrice>
      <UnitOfMeasurePrice>6.76</UnitOfMeasurePrice>
      <AllowDiscount>1</AllowDiscount>
      <itemStatus>1</itemStatus>
      <LastUpdateDate />
      <LastUpdateTime />
    </Product>
    <Product>
      <PriceUpdateDate>2018/10/07 16:48</PriceUpdateDate>
      <ItemCode>7290006492852</ItemCode>
      <ItemType>1</ItemType>
      <ItemName>גבינה לבנה 5% עזים</ItemName>
      <ManufactureName>מחלבות גד</ManufactureName>
      <ManufactureCountry />
      <ManufactureItemDescription />
      <UnitQty>י"ח</UnitQty>
      <Quantity>1</Quantity>
      <UnitMeasure />
      <BisWeighted>0</BisWeighted>
      <QtyInPackage>1</QtyInPackage>
      <ItemPrice>16.90</ItemPrice>
      <UnitOfMeasurePrice>16.90</UnitOfMeasurePrice>
      <AllowDiscount>1</AllowDiscount>
      <itemStatus>1</itemStatus>
      <LastUpdateDate />
      <LastUpdateTime />
    </Product>
    <Product>
      <PriceUpdateDate>2013/06/04 15:30</PriceUpdateDate>
      <ItemCode>7290006494917</ItemCode>
      <ItemType>1</ItemType>
      <ItemName>מרמולייט וופל שוקו</ItemName>
      <ManufactureName>דנשר (1963) בעמ</ManufactureName>
      <ManufactureCountry />
      <ManufactureItemDescription />
      <UnitQty>י"ח</UnitQty>
      <Quantity>180</Quantity>
      <UnitMeasure>ל  גרם</UnitMeasure>
      <BisWeighted>0</BisWeighted>
      <QtyInPackage>1</QtyInPackage>
      <ItemPrice>10.50</ItemPrice>
      <UnitOfMeasurePrice>5.83</UnitOfMeasurePrice>
      <AllowDiscount>0</AllowDiscount>
      <itemStatus>1</itemStatus>
      <LastUpdateDate />
      <LastUpdateTime />
    </Product>
    <Product>
      <PriceUpdateDate>2019/06/03 11:58</PriceUpdateDate>
      <ItemCode>6511010</ItemCode>
      <ItemType>0</ItemType>
      <ItemName>פרמזנן גבינה (שקיל)</ItemName>
      <ManufactureName>ג.וילי פוד אינטרנשיונל בעמ</ManufactureName>
      <ManufactureCountry />
      <ManufactureItemDescription />
      <UnitQty>ק"ג</UnitQty>
      <Quantity>200</Quantity>
      <UnitMeasure>ל  גרם</UnitMeasure>
      <BisWeighted>1</BisWeighted>
      <QtyInPackage>1</QtyInPackage>
      <ItemPrice>125</ItemPrice>
      <UnitOfMeasurePrice>62.50</UnitOfMeasurePrice>
      <AllowDiscount>0</AllowDiscount>
      <itemStatus>1</itemStatus>
      <LastUpdateDate />
      <LastUpdateTime />
    </Product>
    <Product>
      <PriceUpdateDate>2015/11/10 13:42</PriceUpdateDate>
      <ItemCode>7290006511157</ItemCode>
      <ItemType>1</ItemType>
      <ItemName>פטריות שלם 400 ג  בד"ץ</ItemName>
      <ManufactureName>ג.וילי פוד אינטרנשיונל בעמ</ManufactureName>
      <ManufactureCountry />
      <ManufactureItemDescription />
      <UnitQty>י"ח</UnitQty>
      <Quantity>400</Quantity>
      <UnitMeasure>ל  גרם</UnitMeasure>
      <BisWeighted>0</BisWeighted>
      <QtyInPackage>1</QtyInPackage>
      <ItemPrice>7</ItemPrice>
      <UnitOfMeasurePrice>1.75</UnitOfMeasurePrice>
      <AllowDiscount>0</AllowDiscount>
      <itemStatus>1</itemStatus>
      <LastUpdateDate />
      <LastUpdateTime />
    </Product>
    <Product>
      <PriceUpdateDate>2017/12/29 10:49</PriceUpdateDate>
      <ItemCode>7290006511683</ItemCode>
      <ItemType>1</ItemType>
      <ItemName>פולי סויה קפואים 454 גרם</ItemName>
      <ManufactureName>ג.וילי פוד אינטרנשיונל בעמ</ManufactureName>
      <ManufactureCountry />
      <ManufactureItemDescription />
      <UnitQty>י"ח</UnitQty>
      <Quantity>454</Quantity>
      <UnitMeasure>ל  גרם</UnitMeasure>
      <BisWeighted>0</BisWeighted>
      <QtyInPackage>1</QtyInPackage>
      <ItemPrice>9.90</ItemPrice>
      <UnitOfMeasurePrice>2.18</UnitOfMeasurePrice>
      <AllowDiscount>0</AllowDiscount>
      <itemStatus>1</itemStatus>
      <LastUpdateDate />
      <LastUpdateTime />
    </Product>
    <Product>
      <PriceUpdateDate>2016/05/22 14:55</PriceUpdateDate>
      <ItemCode>7290006550972</ItemCode>
      <ItemType>1</ItemType>
      <ItemName>טחון בקר עטרה 1 ק"ג</ItemName>
      <ManufactureName>נטו מלינדה סחר בעמ</ManufactureName>
      <ManufactureCountry />
      <ManufactureItemDescription />
      <UnitQty>י"ח</UnitQty>
      <Quantity>1</Quantity>
      <UnitMeasure>ק"ג</UnitMeasure>
      <BisWeighted>0</BisWeighted>
      <QtyInPackage>1</QtyInPackage>
      <ItemPrice>29.90</ItemPrice>
      <UnitOfMeasurePrice>29.90</UnitOfMeasurePrice>
      <AllowDiscount>1</AllowDiscount>
      <itemStatus>1</itemStatus>
      <LastUpdateDate />
      <LastUpdateTime />
    </Product>
    <Product>
      <PriceUpdateDate>2019/02/11 12:38</PriceUpdateDate>
      <ItemCode>6582355</ItemCode>
      <ItemType>0</ItemType>
      <ItemName>סילאן 900גר`</ItemName>
      <ManufactureName>דין שיווק וקליהבעמ</ManufactureName>
      <ManufactureCountry />
      <ManufactureItemDescription />
      <UnitQty>י"ח</UnitQty>
      <Quantity>900</Quantity>
      <UnitMeasure>ל  גרם</UnitMeasure>
      <BisWeighted>0</BisWeighted>
      <QtyInPackage>1</QtyInPackage>
      <ItemPrice>13.90</ItemPrice>
      <UnitOfMeasurePrice>1.54</UnitOfMeasurePrice>
      <AllowDiscount>0</AllowDiscount>
      <itemStatus>1</itemStatus>
      <LastUpdateDate />
      <LastUpdateTime />
    </Product>
    <Product>
      <PriceUpdateDate>2015/08/03 14:49</PriceUpdateDate>
      <ItemCode>7290006618146</ItemCode>
      <ItemType>1</ItemType>
      <ItemName>הפי נוזל להדלקת פחמים</ItemName>
      <ManufactureName>יעקב יעקבי ובניו בעמ</ManufactureName>
      <ManufactureCountry />
      <ManufactureItemDescription />
      <UnitQty>י"ח</UnitQty>
      <Quantity>1</Quantity>
      <UnitMeasure />
      <BisWeighted>0</BisWeighted>
      <QtyInPackage>1</QtyInPackage>
      <ItemPrice>16.90</ItemPrice>
      <UnitOfMeasurePrice>16.90</UnitOfMeasurePrice>
      <AllowDiscount>0</AllowDiscount>
      <itemStatus>1</itemStatus>
      <LastUpdateDate />
      <LastUpdateTime />
    </Product>
    <Product>
      <PriceUpdateDate>2014/07/10 13:51</PriceUpdateDate>
      <ItemCode>7290006644480</ItemCode>
      <ItemType>1</ItemType>
      <ItemName>תפוזינה תפוז 0.5 ליטר</ItemName>
      <ManufactureName>יפאורה שותפות מוגבלת לשיווק</ManufactureName>
      <ManufactureCountry />
      <ManufactureItemDescription />
      <UnitQty>י"ח</UnitQty>
      <Quantity>500</Quantity>
      <UnitMeasure>ל  מ"ל</UnitMeasure>
      <BisWeighted>0</BisWeighted>
      <QtyInPackage>1</QtyInPackage>
      <ItemPrice>4.20</ItemPrice>
      <UnitOfMeasurePrice>0.78</UnitOfMeasurePrice>
      <AllowDiscount>1</AllowDiscount>
      <itemStatus>1</itemStatus>
      <LastUpdateDate />
      <LastUpdateTime />
    </Product>
    <Product>
      <PriceUpdateDate>2014/07/10 13:52</PriceUpdateDate>
      <ItemCode>7290006644510</ItemCode>
      <ItemType>1</ItemType>
      <ItemName>תפוזינה ענבים 0.5 ליטר</ItemName>
      <ManufactureName>יפאורה שותפות מוגבלת לשיווק</ManufactureName>
      <ManufactureCountry />
      <ManufactureItemDescription />
      <UnitQty>י"ח</UnitQty>
      <Quantity>500</Quantity>
      <UnitMeasure>ל  מ"ל</UnitMeasure>
      <BisWeighted>0</BisWeighted>
      <QtyInPackage>1</QtyInPackage>
      <ItemPrice>4.20</ItemPrice>
      <UnitOfMeasurePrice>0.78</UnitOfMeasurePrice>
      <AllowDiscount>1</AllowDiscount>
      <itemStatus>1</itemStatus>
      <LastUpdateDate />
      <LastUpdateTime />
    </Product>
    <Product>
      <PriceUpdateDate>2014/10/13 14:15</PriceUpdateDate>
      <ItemCode>7290006644589</ItemCode>
      <ItemType>1</ItemType>
      <ItemName>קריסטל 2 ליטר אשכוליות ד.</ItemName>
      <ManufactureName>יפאורה שותפות מוגבלת לשיווק</ManufactureName>
      <ManufactureCountry />
      <ManufactureItemDescription />
      <UnitQty>י"ח</UnitQty>
      <Quantity>2</Quantity>
      <UnitMeasure>ליטר</UnitMeasure>
      <BisWeighted>0</BisWeighted>
      <QtyInPackage>1</QtyInPackage>
      <ItemPrice>3.90</ItemPrice>
      <UnitOfMeasurePrice>1.95</UnitOfMeasurePrice>
      <AllowDiscount>1</AllowDiscount>
      <itemStatus>1</itemStatus>
      <LastUpdateDate />
      <LastUpdateTime />
    </Product>
    <Product>
      <PriceUpdateDate>2018/11/08 17:47</PriceUpdateDate>
      <ItemCode>7290006644626</ItemCode>
      <ItemType>1</ItemType>
      <ItemName>ספרינג טרופי 1.5 ליטר</ItemName>
      <ManufactureName>יפאורה שותפות מוגבלת לשיווק</ManufactureName>
      <ManufactureCountry />
      <ManufactureItemDescription />
      <UnitQty>י"ח</UnitQty>
      <Quantity>1.50</Quantity>
      <UnitMeasure>ליטר</UnitMeasure>
      <BisWeighted>0</BisWeighted>
      <QtyInPackage>1</QtyInPackage>
      <ItemPrice>6.20</ItemPrice>
      <UnitOfMeasurePrice>4.13</UnitOfMeasurePrice>
      <AllowDiscount>1</AllowDiscount>
      <itemStatus>1</itemStatus>
      <LastUpdateDate />
      <LastUpdateTime />
    </Product>
    <Product>
      <PriceUpdateDate>2018/10/30 11:03</PriceUpdateDate>
      <ItemCode>7290006644732</ItemCode>
      <ItemType>1</ItemType>
      <ItemName>ספרינג פירות קיץ קרטונית</ItemName>
      <ManufactureName>יפאורה שותפות מוגבלת לשיווק</ManufactureName>
      <ManufactureCountry />
      <ManufactureItemDescription />
      <UnitQty>י"ח</UnitQty>
      <Quantity>1</Quantity>
      <UnitMeasure>ליטר</UnitMeasure>
      <BisWeighted>0</BisWeighted>
      <QtyInPackage>1</QtyInPackage>
      <ItemPrice>5.40</ItemPrice>
      <UnitOfMeasurePrice>5.40</UnitOfMeasurePrice>
      <AllowDiscount>1</AllowDiscount>
      <itemStatus>1</itemStatus>
      <LastUpdateDate />
      <LastUpdateTime />
    </Product>
    <Product>
      <PriceUpdateDate>2013/12/03 15:48</PriceUpdateDate>
      <ItemCode>6644817</ItemCode>
      <ItemType>0</ItemType>
      <ItemName>שוופס סודה רביעיה 1.5 ל</ItemName>
      <ManufactureName>יפאורה שותפות מוגבלת לשיווק</ManufactureName>
      <ManufactureCountry />
      <ManufactureItemDescription />
      <UnitQty>י"ח</UnitQty>
      <Quantity>6</Quantity>
      <UnitMeasure>ליטר</UnitMeasure>
      <BisWeighted>0</BisWeighted>
      <QtyInPackage>1</QtyInPackage>
      <ItemPrice>11</ItemPrice>
      <UnitOfMeasurePrice>1.83</UnitOfMeasurePrice>
      <AllowDiscount>0</AllowDiscount>
      <itemStatus>1</itemStatus>
      <LastUpdateDate />
      <LastUpdateTime />
    </Product>
    <Product>
      <PriceUpdateDate>2016/12/18 12:50</PriceUpdateDate>
      <ItemCode>7290006651570</ItemCode>
      <ItemType>1</ItemType>
      <ItemName>אל סבון ושמפו לתינוק</ItemName>
      <ManufactureName>פישר תעשיות פרמבצטיות בעמ</ManufactureName>
      <ManufactureCountry />
      <ManufactureItemDescription />
      <UnitQty>י"ח</UnitQty>
      <Quantity>1.50</Quantity>
      <UnitMeasure>ליטר</UnitMeasure>
      <BisWeighted>0</BisWeighted>
      <QtyInPackage>1</QtyInPackage>
      <ItemPrice>19.90</ItemPrice>
      <UnitOfMeasurePrice>13.27</UnitOfMeasurePrice>
      <AllowDiscount>0</AllowDiscount>
      <itemStatus>1</itemStatus>
      <LastUpdateDate />
      <LastUpdateTime />
    </Product>
    <Product>
      <PriceUpdateDate>2020/03/08 10:18</PriceUpdateDate>
      <ItemCode>6651730</ItemCode>
      <ItemType>0</ItemType>
      <ItemName>מגבוני היגיינים לניקוי ידיים ד"ר פישר</ItemName>
      <ManufactureName>פישר תעשיות פרמבצטיות בעמ</ManufactureName>
      <ManufactureCountry />
      <ManufactureItemDescription />
      <UnitQty>י"ח</UnitQty>
      <Quantity>1</Quantity>
      <UnitMeasure />
      <BisWeighted>0</BisWeighted>
      <QtyInPackage>1</QtyInPackage>
      <ItemPrice>15.90</ItemPrice>
      <UnitOfMeasurePrice>15.90</UnitOfMeasurePrice>
      <AllowDiscount>0</AllowDiscount>
      <itemStatus>1</itemStatus>
      <LastUpdateDate />
      <LastUpdateTime />
    </Product>
    <Product>
      <PriceUpdateDate>2016/03/27 17:50</PriceUpdateDate>
      <ItemCode>7290006653819</ItemCode>
      <ItemType>1</ItemType>
      <ItemName>קוסקוס דק 350 ג</ItemName>
      <ManufactureName>קבוצת אוסם סחר-שות.מוגבלת</ManufactureName>
      <ManufactureCountry />
      <ManufactureItemDescription />
      <UnitQty>י"ח</UnitQty>
      <Quantity>350</Quantity>
      <UnitMeasure>ל  גרם</UnitMeasure>
      <BisWeighted>0</BisWeighted>
      <QtyInPackage>1</QtyInPackage>
      <ItemPrice>7.90</ItemPrice>
      <UnitOfMeasurePrice>2.26</UnitOfMeasurePrice>
      <AllowDiscount>0</AllowDiscount>
      <itemStatus>1</itemStatus>
      <LastUpdateDate />
      <LastUpdateTime />
    </Product>
    <Product>
      <PriceUpdateDate>2018/02/26 14:52</PriceUpdateDate>
      <ItemCode>6653857</ItemCode>
      <ItemType>0</ItemType>
      <ItemName>ארנבונים חטיף תפו"א 40גר.</ItemName>
      <ManufactureName>קבוצת אוסם סחר-שות.מוגבלת</ManufactureName>
      <ManufactureCountry />
      <ManufactureItemDescription />
      <UnitQty>י"ח</UnitQty>
      <Quantity>40</Quantity>
      <UnitMeasure>ל  גרם</UnitMeasure>
      <BisWeighted>0</BisWeighted>
      <QtyInPackage>1</QtyInPackage>
      <ItemPrice>3.90</ItemPrice>
      <UnitOfMeasurePrice>9.75</UnitOfMeasurePrice>
      <AllowDiscount>1</AllowDiscount>
      <itemStatus>1</itemStatus>
      <LastUpdateDate />
      <LastUpdateTime />
    </Product>
    <Product>
      <PriceUpdateDate>2014/07/21 09:47</PriceUpdateDate>
      <ItemCode>7290006664037</ItemCode>
      <ItemType>1</ItemType>
      <ItemName>גמדים ארוחת בוקר</ItemName>
      <ManufactureName>שטראוס גרופ ***בעמ</ManufactureName>
      <ManufactureCountry />
      <ManufactureItemDescription />
      <UnitQty>י"ח</UnitQty>
      <Quantity>400</Quantity>
      <UnitMeasure>ל  מ"ל</UnitMeasure>
      <BisWeighted>0</BisWeighted>
      <QtyInPackage>1</QtyInPackage>
      <ItemPrice>11.50</ItemPrice>
      <UnitOfMeasurePrice>2.88</UnitOfMeasurePrice>
      <AllowDiscount>0</AllowDiscount>
      <itemStatus>1</itemStatus>
      <LastUpdateDate />
      <LastUpdateTime />
    </Product>
    <Product>
      <PriceUpdateDate>2019/06/11 09:31</PriceUpdateDate>
      <ItemCode>7290006664051</ItemCode>
      <ItemType>1</ItemType>
      <ItemName>אקטימל מארז משפ 14 יח טבעי</ItemName>
      <ManufactureName>שטראוס גרופ ***בעמ</ManufactureName>
      <ManufactureCountry />
      <ManufactureItemDescription />
      <UnitQty>י"ח</UnitQty>
      <Quantity>1.40</Quantity>
      <UnitMeasure>ליטר</UnitMeasure>
      <BisWeighted>0</BisWeighted>
      <QtyInPackage>1</QtyInPackage>
      <ItemPrice>30.90</ItemPrice>
      <UnitOfMeasurePrice>22.07</UnitOfMeasurePrice>
      <AllowDiscount>1</AllowDiscount>
      <itemStatus>1</itemStatus>
      <LastUpdateDate />
      <LastUpdateTime />
    </Product>
    <Product>
      <PriceUpdateDate>2019/06/16 11:21</PriceUpdateDate>
      <ItemCode>7290006664402</ItemCode>
      <ItemType>1</ItemType>
      <ItemName>גבינת סקי 5% 750  ג*</ItemName>
      <ManufactureName>שטראוס גרופ ***בעמ</ManufactureName>
      <ManufactureCountry />
      <ManufactureItemDescription />
      <UnitQty>י"ח</UnitQty>
      <Quantity>750</Quantity>
      <UnitMeasure>ל  גרם</UnitMeasure>
      <BisWeighted>0</BisWeighted>
      <QtyInPackage>1</QtyInPackage>
      <ItemPrice>14.25</ItemPrice>
      <UnitOfMeasurePrice>1.90</UnitOfMeasurePrice>
      <AllowDiscount>0</AllowDiscount>
      <itemStatus>1</itemStatus>
      <LastUpdateDate />
      <LastUpdateTime />
    </Product>
    <Product>
      <PriceUpdateDate>2016/05/25 13:16</PriceUpdateDate>
      <ItemCode>7290006664532</ItemCode>
      <ItemType>1</ItemType>
      <ItemName>דנונה תות 3%</ItemName>
      <ManufactureName>שטראוס גרופ ***בעמ</ManufactureName>
      <ManufactureCountry />
      <ManufactureItemDescription />
      <UnitQty>י"ח</UnitQty>
      <Quantity>150</Quantity>
      <UnitMeasure>ל  מ"ל</UnitMeasure>
      <BisWeighted>0</BisWeighted>
      <QtyInPackage>1</QtyInPackage>
      <ItemPrice>3.70</ItemPrice>
      <UnitOfMeasurePrice>2.47</UnitOfMeasurePrice>
      <AllowDiscount>1</AllowDiscount>
      <itemStatus>1</itemStatus>
      <LastUpdateDate />
      <LastUpdateTime />
    </Product>
    <Product>
      <PriceUpdateDate>2016/07/26 09:30</PriceUpdateDate>
      <ItemCode>7290006664655</ItemCode>
      <ItemType>1</ItemType>
      <ItemName>אקטימל שמיניה טבעי</ItemName>
      <ManufactureName>שטראוס גרופ ***בעמ</ManufactureName>
      <ManufactureCountry />
      <ManufactureItemDescription />
      <UnitQty>י"ח</UnitQty>
      <Quantity>800</Quantity>
      <UnitMeasure>ל  מ"ל</UnitMeasure>
      <BisWeighted>0</BisWeighted>
      <QtyInPackage>1</QtyInPackage>
      <ItemPrice>20.90</ItemPrice>
      <UnitOfMeasurePrice>2.61</UnitOfMeasurePrice>
      <AllowDiscount>1</AllowDiscount>
      <itemStatus>1</itemStatus>
      <LastUpdateDate />
      <LastUpdateTime />
    </Product>
    <Product>
      <PriceUpdateDate>2019/06/27 12:25</PriceUpdateDate>
      <ItemCode>7290006664990</ItemCode>
      <ItemType>1</ItemType>
      <ItemName>~מארז שמינייה ביו 1.5% 150גר</ItemName>
      <ManufactureName>שטראוס גרופ ***בעמ</ManufactureName>
      <ManufactureCountry />
      <ManufactureItemDescription />
      <UnitQty>י"ח</UnitQty>
      <Quantity>1.20</Quantity>
      <UnitMeasure>ליטר</UnitMeasure>
      <BisWeighted>0</BisWeighted>
      <QtyInPackage>1</QtyInPackage>
      <ItemPrice>16.90</ItemPrice>
      <UnitOfMeasurePrice>14.08</UnitOfMeasurePrice>
      <AllowDiscount>0</AllowDiscount>
      <itemStatus>1</itemStatus>
      <LastUpdateDate />
      <LastUpdateTime />
    </Product>
    <Product>
      <PriceUpdateDate>2019/01/08 09:55</PriceUpdateDate>
      <ItemCode>6681003</ItemCode>
      <ItemType>0</ItemType>
      <ItemName>קרמיסימו 1.33 ל  סורבט</ItemName>
      <ManufactureName>גלידות שטראוס בעמ</ManufactureName>
      <ManufactureCountry />
      <ManufactureItemDescription />
      <UnitQty>י"ח</UnitQty>
      <Quantity>1</Quantity>
      <UnitMeasure />
      <BisWeighted>0</BisWeighted>
      <QtyInPackage>1</QtyInPackage>
      <ItemPrice>18.90</ItemPrice>
      <UnitOfMeasurePrice>18.90</UnitOfMeasurePrice>
      <AllowDiscount>0</AllowDiscount>
      <itemStatus>1</itemStatus>
      <LastUpdateDate />
      <LastUpdateTime />
    </Product>
    <Product>
      <PriceUpdateDate>2019/01/08 09:55</PriceUpdateDate>
      <ItemCode>7290006681980</ItemCode>
      <ItemType>1</ItemType>
      <ItemName>קרמיסימו בטעם שרבט שטראוס</ItemName>
      <ManufactureName>גלידות שטראוס בעמ</ManufactureName>
      <ManufactureCountry />
      <ManufactureItemDescription />
      <UnitQty>י"ח</UnitQty>
      <Quantity>1.33</Quantity>
      <UnitMeasure>ליטר</UnitMeasure>
      <BisWeighted>0</BisWeighted>
      <QtyInPackage>1</QtyInPackage>
      <ItemPrice>18.90</ItemPrice>
      <UnitOfMeasurePrice>14.21</UnitOfMeasurePrice>
      <AllowDiscount>0</AllowDiscount>
      <itemStatus>1</itemStatus>
      <LastUpdateDate />
      <LastUpdateTime />
    </Product>
    <Product>
      <PriceUpdateDate>2015/11/05 15:23</PriceUpdateDate>
      <ItemCode>7290006712981</ItemCode>
      <ItemType>1</ItemType>
      <ItemName>משחת שיניים  ילדים ספיידרמן 50מ"ל</ItemName>
      <ManufactureName>ש.שסטוביץ בעמ</ManufactureName>
      <ManufactureCountry />
      <ManufactureItemDescription />
      <UnitQty>י"ח</UnitQty>
      <Quantity>50</Quantity>
      <UnitMeasure>ל  גרם</UnitMeasure>
      <BisWeighted>0</BisWeighted>
      <QtyInPackage>1</QtyInPackage>
      <ItemPrice>12.90</ItemPrice>
      <UnitOfMeasurePrice>25.80</UnitOfMeasurePrice>
      <AllowDiscount>1</AllowDiscount>
      <itemStatus>1</itemStatus>
      <LastUpdateDate />
      <LastUpdateTime />
    </Product>
    <Product>
      <PriceUpdateDate>2013/12/12 14:27</PriceUpdateDate>
      <ItemCode>6738615</ItemCode>
      <ItemType>0</ItemType>
      <ItemName>קבב זהב 400גר`</ItemName>
      <ManufactureName>זוגלובק שיווק בעמ</ManufactureName>
      <ManufactureCountry />
      <ManufactureItemDescription />
      <UnitQty>י"ח</UnitQty>
      <Quantity>400</Quantity>
      <UnitMeasure>ל  גרם</UnitMeasure>
      <BisWeighted>0</BisWeighted>
      <QtyInPackage>1</QtyInPackage>
      <ItemPrice>21.90</ItemPrice>
      <UnitOfMeasurePrice>5.48</UnitOfMeasurePrice>
      <AllowDiscount>1</AllowDiscount>
      <itemStatus>1</itemStatus>
      <LastUpdateDate />
      <LastUpdateTime />
    </Product>
    <Product>
      <PriceUpdateDate>2016/03/06 14:20</PriceUpdateDate>
      <ItemCode>6739124</ItemCode>
      <ItemType>0</ItemType>
      <ItemName>בצק פילאס 500גר זוגלובק</ItemName>
      <ManufactureName>זוגלובק שיווק בעמ</ManufactureName>
      <ManufactureCountry />
      <ManufactureItemDescription />
      <UnitQty>י"ח</UnitQty>
      <Quantity>500</Quantity>
      <UnitMeasure>ל  גרם</UnitMeasure>
      <BisWeighted>0</BisWeighted>
      <QtyInPackage>1</QtyInPackage>
      <ItemPrice>17.90</ItemPrice>
      <UnitOfMeasurePrice>3.58</UnitOfMeasurePrice>
      <AllowDiscount>1</AllowDiscount>
      <itemStatus>1</itemStatus>
      <LastUpdateDate />
      <LastUpdateTime />
    </Product>
    <Product>
      <PriceUpdateDate>2015/06/19 10:43</PriceUpdateDate>
      <ItemCode>6739131</ItemCode>
      <ItemType>0</ItemType>
      <ItemName>בצק פילו 500גר זוגלובק</ItemName>
      <ManufactureName>זוגלובק שיווק בעמ</ManufactureName>
      <ManufactureCountry />
      <ManufactureItemDescription />
      <UnitQty>י"ח</UnitQty>
      <Quantity>500</Quantity>
      <UnitMeasure>ל  גרם</UnitMeasure>
      <BisWeighted>0</BisWeighted>
      <QtyInPackage>1</QtyInPackage>
      <ItemPrice>17.90</ItemPrice>
      <UnitOfMeasurePrice>3.58</UnitOfMeasurePrice>
      <AllowDiscount>1</AllowDiscount>
      <itemStatus>1</itemStatus>
      <LastUpdateDate />
      <LastUpdateTime />
    </Product>
    <Product>
      <PriceUpdateDate>2013/11/25 15:49</PriceUpdateDate>
      <ItemCode>6739247</ItemCode>
      <ItemType>0</ItemType>
      <ItemName>פסטרמה  איטלקית(שקיל)</ItemName>
      <ManufactureName>זוגלובק שיווק בעמ</ManufactureName>
      <ManufactureCountry />
      <ManufactureItemDescription />
      <UnitQty>ק"ג</UnitQty>
      <Quantity>1</Quantity>
      <UnitMeasure />
      <BisWeighted>1</BisWeighted>
      <QtyInPackage>1</QtyInPackage>
      <ItemPrice>76.90</ItemPrice>
      <UnitOfMeasurePrice>76.90</UnitOfMeasurePrice>
      <AllowDiscount>0</AllowDiscount>
      <itemStatus>1</itemStatus>
      <LastUpdateDate />
      <LastUpdateTime />
    </Product>
    <Product>
      <PriceUpdateDate>2017/12/01 08:55</PriceUpdateDate>
      <ItemCode>6739407</ItemCode>
      <ItemType>0</ItemType>
      <ItemName>שניצל תירס לייט 600גר`</ItemName>
      <ManufactureName>זוגלובק שיווק בעמ</ManufactureName>
      <ManufactureCountry />
      <ManufactureItemDescription />
      <UnitQty>י"ח</UnitQty>
      <Quantity>600</Quantity>
      <UnitMeasure>ל  גרם</UnitMeasure>
      <BisWeighted>0</BisWeighted>
      <QtyInPackage>1</QtyInPackage>
      <ItemPrice>25.90</ItemPrice>
      <UnitOfMeasurePrice>4.32</UnitOfMeasurePrice>
      <AllowDiscount>0</AllowDiscount>
      <itemStatus>1</itemStatus>
      <LastUpdateDate />
      <LastUpdateTime />
    </Product>
    <Product>
      <PriceUpdateDate>2013/12/12 14:57</PriceUpdateDate>
      <ItemCode>7290006739414</ItemCode>
      <ItemType>1</ItemType>
      <ItemName>סלמי קוניאק 300גר`</ItemName>
      <ManufactureName>זוגלובק שיווק בעמ</ManufactureName>
      <ManufactureCountry />
      <ManufactureItemDescription />
      <UnitQty>י"ח</UnitQty>
      <Quantity>3.50</Quantity>
      <UnitMeasure>י"ח</UnitMeasure>
      <BisWeighted>0</BisWeighted>
      <QtyInPackage>1</QtyInPackage>
      <ItemPrice>29.90</ItemPrice>
      <UnitOfMeasurePrice>8.54</UnitOfMeasurePrice>
      <AllowDiscount>1</AllowDiscount>
      <itemStatus>1</itemStatus>
      <LastUpdateDate />
      <LastUpdateTime />
    </Product>
    <Product>
      <PriceUpdateDate>2013/12/12 14:58</PriceUpdateDate>
      <ItemCode>6739421</ItemCode>
      <ItemType>0</ItemType>
      <ItemName>מעושן איטלקי 300גר`</ItemName>
      <ManufactureName>זוגלובק שיווק בעמ</ManufactureName>
      <ManufactureCountry />
      <ManufactureItemDescription />
      <UnitQty>י"ח</UnitQty>
      <Quantity>300</Quantity>
      <UnitMeasure>ל  גרם</UnitMeasure>
      <BisWeighted>0</BisWeighted>
      <QtyInPackage>1</QtyInPackage>
      <ItemPrice>29.90</ItemPrice>
      <UnitOfMeasurePrice>9.97</UnitOfMeasurePrice>
      <AllowDiscount>1</AllowDiscount>
      <itemStatus>1</itemStatus>
      <LastUpdateDate />
      <LastUpdateTime />
    </Product>
    <Product>
      <PriceUpdateDate>2018/07/01 15:15</PriceUpdateDate>
      <ItemCode>7290006739735</ItemCode>
      <ItemType>1</ItemType>
      <ItemName>נקניקיות מן הצומח 2 ק"ג</ItemName>
      <ManufactureName>זוגלובק שיווק בעמ</ManufactureName>
      <ManufactureCountry />
      <ManufactureItemDescription />
      <UnitQty>י"ח</UnitQty>
      <Quantity>700</Quantity>
      <UnitMeasure>ל  גרם</UnitMeasure>
      <BisWeighted>0</BisWeighted>
      <QtyInPackage>1</QtyInPackage>
      <ItemPrice>49.90</ItemPrice>
      <UnitOfMeasurePrice>7.13</UnitOfMeasurePrice>
      <AllowDiscount>0</AllowDiscount>
      <itemStatus>1</itemStatus>
      <LastUpdateDate />
      <LastUpdateTime />
    </Product>
    <Product>
      <PriceUpdateDate>2018/01/07 08:47</PriceUpdateDate>
      <ItemCode>7290006741363</ItemCode>
      <ItemType>1</ItemType>
      <ItemName>בורקס תפו"א בד"צ 800 ג`</ItemName>
      <ManufactureName>זוגלובק שיווק בעמ</ManufactureName>
      <ManufactureCountry />
      <ManufactureItemDescription />
      <UnitQty>י"ח</UnitQty>
      <Quantity>800</Quantity>
      <UnitMeasure>ל  גרם</UnitMeasure>
      <BisWeighted>0</BisWeighted>
      <QtyInPackage>1</QtyInPackage>
      <ItemPrice>17.90</ItemPrice>
      <UnitOfMeasurePrice>2.24</UnitOfMeasurePrice>
      <AllowDiscount>1</AllowDiscount>
      <itemStatus>1</itemStatus>
      <LastUpdateDate />
      <LastUpdateTime />
    </Product>
    <Product>
      <PriceUpdateDate>2014/11/02 13:29</PriceUpdateDate>
      <ItemCode>7290006741387</ItemCode>
      <ItemType>1</ItemType>
      <ItemName>מלאווח תימני 700 גרם זוגלובק</ItemName>
      <ManufactureName>זוגלובק שיווק בעמ</ManufactureName>
      <ManufactureCountry />
      <ManufactureItemDescription />
      <UnitQty>י"ח</UnitQty>
      <Quantity>700</Quantity>
      <UnitMeasure>ל  גרם</UnitMeasure>
      <BisWeighted>0</BisWeighted>
      <QtyInPackage>1</QtyInPackage>
      <ItemPrice>15.90</ItemPrice>
      <UnitOfMeasurePrice>2.27</UnitOfMeasurePrice>
      <AllowDiscount>1</AllowDiscount>
      <itemStatus>1</itemStatus>
      <LastUpdateDate />
      <LastUpdateTime />
    </Product>
    <Product>
      <PriceUpdateDate>2019/12/11 09:38</PriceUpdateDate>
      <ItemCode>7290006742162</ItemCode>
      <ItemType>1</ItemType>
      <ItemName>המבורגר מזרחי</ItemName>
      <ManufactureName>זוגלובק שיווק בעמ</ManufactureName>
      <ManufactureCountry />
      <ManufactureItemDescription />
      <UnitQty>י"ח</UnitQty>
      <Quantity>400</Quantity>
      <UnitMeasure>ל  גרם</UnitMeasure>
      <BisWeighted>0</BisWeighted>
      <QtyInPackage>1</QtyInPackage>
      <ItemPrice>21.90</ItemPrice>
      <UnitOfMeasurePrice>5.48</UnitOfMeasurePrice>
      <AllowDiscount>1</AllowDiscount>
      <itemStatus>1</itemStatus>
      <LastUpdateDate />
      <LastUpdateTime />
    </Product>
    <Product>
      <PriceUpdateDate>2018/08/10 08:44</PriceUpdateDate>
      <ItemCode>7290006742179</ItemCode>
      <ItemType>1</ItemType>
      <ItemName>קבב מזרחי</ItemName>
      <ManufactureName>זוגלובק שיווק בעמ</ManufactureName>
      <ManufactureCountry />
      <ManufactureItemDescription />
      <UnitQty>י"ח</UnitQty>
      <Quantity>400</Quantity>
      <UnitMeasure>ל  גרם</UnitMeasure>
      <BisWeighted>0</BisWeighted>
      <QtyInPackage>1</QtyInPackage>
      <ItemPrice>21.90</ItemPrice>
      <UnitOfMeasurePrice>5.48</UnitOfMeasurePrice>
      <AllowDiscount>1</AllowDiscount>
      <itemStatus>1</itemStatus>
      <LastUpdateDate />
      <LastUpdateTime />
    </Product>
    <Product>
      <PriceUpdateDate>2018/12/14 11:34</PriceUpdateDate>
      <ItemCode>6764065</ItemCode>
      <ItemType>0</ItemType>
      <ItemName>נשר מאלט }500 חוזר{</ItemName>
      <ManufactureName>טמפו משקאות בעמ</ManufactureName>
      <ManufactureCountry />
      <ManufactureItemDescription />
      <UnitQty>י"ח</UnitQty>
      <Quantity>500</Quantity>
      <UnitMeasure>ל  מ"ל</UnitMeasure>
      <BisWeighted>0</BisWeighted>
      <QtyInPackage>1</QtyInPackage>
      <ItemPrice>5</ItemPrice>
      <UnitOfMeasurePrice>0.76</UnitOfMeasurePrice>
      <AllowDiscount>1</AllowDiscount>
      <itemStatus>1</itemStatus>
      <LastUpdateDate />
      <LastUpdateTime />
    </Product>
    <Product>
      <PriceUpdateDate>2019/12/25 08:39</PriceUpdateDate>
      <ItemCode>6764072</ItemCode>
      <ItemType>0</ItemType>
      <ItemName>גולדסטאר 500  מ"ל}חוזר{</ItemName>
      <ManufactureName>טמפו משקאות בעמ</ManufactureName>
      <ManufactureCountry />
      <ManufactureItemDescription />
      <UnitQty>י"ח</UnitQty>
      <Quantity>500</Quantity>
      <UnitMeasure>ל  מ"ל</UnitMeasure>
      <BisWeighted>0</BisWeighted>
      <QtyInPackage>1</QtyInPackage>
      <ItemPrice>7.70</ItemPrice>
      <UnitOfMeasurePrice>1.30</UnitOfMeasurePrice>
      <AllowDiscount>1</AllowDiscount>
      <itemStatus>1</itemStatus>
      <LastUpdateDate />
      <LastUpdateTime />
    </Product>
    <Product>
      <PriceUpdateDate>2016/09/22 15:40</PriceUpdateDate>
      <ItemCode>7290006764096</ItemCode>
      <ItemType>1</ItemType>
      <ItemName>איגל בקבוק חוזר 500 מייל</ItemName>
      <ManufactureName>טמפו משקאות בעמ</ManufactureName>
      <ManufactureCountry />
      <ManufactureItemDescription />
      <UnitQty>י"ח</UnitQty>
      <Quantity>500</Quantity>
      <UnitMeasure>ל  מ"ל</UnitMeasure>
      <BisWeighted>0</BisWeighted>
      <QtyInPackage>1</QtyInPackage>
      <ItemPrice>5.10</ItemPrice>
      <UnitOfMeasurePrice>0.78</UnitOfMeasurePrice>
      <AllowDiscount>1</AllowDiscount>
      <itemStatus>1</itemStatus>
      <LastUpdateDate />
      <LastUpdateTime />
    </Product>
    <Product>
      <PriceUpdateDate>2018/10/25 09:34</PriceUpdateDate>
      <ItemCode>6764157</ItemCode>
      <ItemType>0</ItemType>
      <ItemName>בירה גולדסטאר לא מסונן חוזר 500מ"ל</ItemName>
      <ManufactureName>טמפו משקאות בעמ</ManufactureName>
      <ManufactureCountry />
      <ManufactureItemDescription />
      <UnitQty>י"ח</UnitQty>
      <Quantity>500</Quantity>
      <UnitMeasure>ל  מ"ל</UnitMeasure>
      <BisWeighted>0</BisWeighted>
      <QtyInPackage>1</QtyInPackage>
      <ItemPrice>7.50</ItemPrice>
      <UnitOfMeasurePrice>1.26</UnitOfMeasurePrice>
      <AllowDiscount>1</AllowDiscount>
      <itemStatus>1</itemStatus>
      <LastUpdateDate />
      <LastUpdateTime />
    </Product>
    <Product>
      <PriceUpdateDate>2018/12/14 11:34</PriceUpdateDate>
      <ItemCode>7290006764348</ItemCode>
      <ItemType>1</ItemType>
      <ItemName>מאלטסטאר 1.5 ל</ItemName>
      <ManufactureName>טמפו משקאות בעמ</ManufactureName>
      <ManufactureCountry />
      <ManufactureItemDescription />
      <UnitQty>י"ח</UnitQty>
      <Quantity>1.50</Quantity>
      <UnitMeasure>ליטר</UnitMeasure>
      <BisWeighted>0</BisWeighted>
      <QtyInPackage>1</QtyInPackage>
      <ItemPrice>7</ItemPrice>
      <UnitOfMeasurePrice>4.67</UnitOfMeasurePrice>
      <AllowDiscount>1</AllowDiscount>
      <itemStatus>1</itemStatus>
      <LastUpdateDate />
      <LastUpdateTime />
    </Product>
    <Product>
      <PriceUpdateDate>2018/12/14 11:34</PriceUpdateDate>
      <ItemCode>6764485</ItemCode>
      <ItemType>0</ItemType>
      <ItemName>נשר מאלט 330 שישיה</ItemName>
      <ManufactureName>טמפו משקאות בעמ</ManufactureName>
      <ManufactureCountry />
      <ManufactureItemDescription />
      <UnitQty>י"ח</UnitQty>
      <Quantity>1.98</Quantity>
      <UnitMeasure>ליטר</UnitMeasure>
      <BisWeighted>0</BisWeighted>
      <QtyInPackage>1</QtyInPackage>
      <ItemPrice>29</ItemPrice>
      <UnitOfMeasurePrice>13.74</UnitOfMeasurePrice>
      <AllowDiscount>0</AllowDiscount>
      <itemStatus>1</itemStatus>
      <LastUpdateDate />
      <LastUpdateTime />
    </Product>
    <Product>
      <PriceUpdateDate>2018/07/22 15:01</PriceUpdateDate>
      <ItemCode>7290006775016</ItemCode>
      <ItemType>1</ItemType>
      <ItemName>עוגת תפוז ]450אחוה[</ItemName>
      <ManufactureName>אחדות בעמ</ManufactureName>
      <ManufactureCountry />
      <ManufactureItemDescription />
      <UnitQty>י"ח</UnitQty>
      <Quantity>450</Quantity>
      <UnitMeasure>ל  גרם</UnitMeasure>
      <BisWeighted>0</BisWeighted>
      <QtyInPackage>1</QtyInPackage>
      <ItemPrice>9.90</ItemPrice>
      <UnitOfMeasurePrice>2.20</UnitOfMeasurePrice>
      <AllowDiscount>0</AllowDiscount>
      <itemStatus>1</itemStatus>
      <LastUpdateDate />
      <LastUpdateTime />
    </Product>
    <Product>
      <PriceUpdateDate>2018/07/22 15:01</PriceUpdateDate>
      <ItemCode>7290006775023</ItemCode>
      <ItemType>1</ItemType>
      <ItemName>עוגת אנגלית-אחווה</ItemName>
      <ManufactureName>אחדות בעמ</ManufactureName>
      <ManufactureCountry />
      <ManufactureItemDescription />
      <UnitQty>י"ח</UnitQty>
      <Quantity>450</Quantity>
      <UnitMeasure>ל  גרם</UnitMeasure>
      <BisWeighted>0</BisWeighted>
      <QtyInPackage>1</QtyInPackage>
      <ItemPrice>9.90</ItemPrice>
      <UnitOfMeasurePrice>2.20</UnitOfMeasurePrice>
      <AllowDiscount>0</AllowDiscount>
      <itemStatus>1</itemStatus>
      <LastUpdateDate />
      <LastUpdateTime />
    </Product>
    <Product>
      <PriceUpdateDate>2018/07/22 15:01</PriceUpdateDate>
      <ItemCode>7290006775054</ItemCode>
      <ItemType>1</ItemType>
      <ItemName>עוגת שיש]אחווה[</ItemName>
      <ManufactureName>אחדות בעמ</ManufactureName>
      <ManufactureCountry />
      <ManufactureItemDescription />
      <UnitQty>י"ח</UnitQty>
      <Quantity>450</Quantity>
      <UnitMeasure>ל  גרם</UnitMeasure>
      <BisWeighted>0</BisWeighted>
      <QtyInPackage>1</QtyInPackage>
      <ItemPrice>9.90</ItemPrice>
      <UnitOfMeasurePrice>2.20</UnitOfMeasurePrice>
      <AllowDiscount>0</AllowDiscount>
      <itemStatus>1</itemStatus>
      <LastUpdateDate />
      <LastUpdateTime />
    </Product>
    <Product>
      <PriceUpdateDate>2013/12/23 08:52</PriceUpdateDate>
      <ItemCode>7290006775085</ItemCode>
      <ItemType>1</ItemType>
      <ItemName>עוגת שמרים (400 אחוה)</ItemName>
      <ManufactureName>אחדות בעמ</ManufactureName>
      <ManufactureCountry />
      <ManufactureItemDescription />
      <UnitQty>י"ח</UnitQty>
      <Quantity>400</Quantity>
      <UnitMeasure>ל  גרם</UnitMeasure>
      <BisWeighted>0</BisWeighted>
      <QtyInPackage>1</QtyInPackage>
      <ItemPrice>10</ItemPrice>
      <UnitOfMeasurePrice>2.50</UnitOfMeasurePrice>
      <AllowDiscount>0</AllowDiscount>
      <itemStatus>1</itemStatus>
      <LastUpdateDate />
      <LastUpdateTime />
    </Product>
    <Product>
      <PriceUpdateDate>2013/12/22 14:57</PriceUpdateDate>
      <ItemCode>7290006775191</ItemCode>
      <ItemType>1</ItemType>
      <ItemName>מאפין ממולא שוקולד 50 ג</ItemName>
      <ManufactureName>אחדות בעמ</ManufactureName>
      <ManufactureCountry />
      <ManufactureItemDescription />
      <UnitQty>י"ח</UnitQty>
      <Quantity>400</Quantity>
      <UnitMeasure>ל  גרם</UnitMeasure>
      <BisWeighted>0</BisWeighted>
      <QtyInPackage>1</QtyInPackage>
      <ItemPrice>1.50</ItemPrice>
      <UnitOfMeasurePrice>0.38</UnitOfMeasurePrice>
      <AllowDiscount>1</AllowDiscount>
      <itemStatus>1</itemStatus>
      <LastUpdateDate />
      <LastUpdateTime />
    </Product>
    <Product>
      <PriceUpdateDate>2019/01/08 15:04</PriceUpdateDate>
      <ItemCode>6775795</ItemCode>
      <ItemType>0</ItemType>
      <ItemName>עוגת תפוח ממולאת 450גרם אחוה</ItemName>
      <ManufactureName>אחדות בעמ</ManufactureName>
      <ManufactureCountry />
      <ManufactureItemDescription />
      <UnitQty>י"ח</UnitQty>
      <Quantity>450</Quantity>
      <UnitMeasure>ל  גרם</UnitMeasure>
      <BisWeighted>0</BisWeighted>
      <QtyInPackage>1</QtyInPackage>
      <ItemPrice>11.90</ItemPrice>
      <UnitOfMeasurePrice>2.64</UnitOfMeasurePrice>
      <AllowDiscount>0</AllowDiscount>
      <itemStatus>1</itemStatus>
      <LastUpdateDate />
      <LastUpdateTime />
    </Product>
    <Product>
      <PriceUpdateDate>2019/01/08 15:04</PriceUpdateDate>
      <ItemCode>6775894</ItemCode>
      <ItemType>0</ItemType>
      <ItemName>עוגת שיש ללא סוכר</ItemName>
      <ManufactureName>אחדות בעמ</ManufactureName>
      <ManufactureCountry />
      <ManufactureItemDescription />
      <UnitQty>י"ח</UnitQty>
      <Quantity>450</Quantity>
      <UnitMeasure>ל  גרם</UnitMeasure>
      <BisWeighted>0</BisWeighted>
      <QtyInPackage>1</QtyInPackage>
      <ItemPrice>11.90</ItemPrice>
      <UnitOfMeasurePrice>2.64</UnitOfMeasurePrice>
      <AllowDiscount>0</AllowDiscount>
      <itemStatus>1</itemStatus>
      <LastUpdateDate />
      <LastUpdateTime />
    </Product>
    <Product>
      <PriceUpdateDate>2019/05/05 13:58</PriceUpdateDate>
      <ItemCode>6784360</ItemCode>
      <ItemType>0</ItemType>
      <ItemName>מס  1 לניקוי חלונות 1 ליטר</ItemName>
      <ManufactureName>קומפלקס כימיקלסבעמ ~~~</ManufactureName>
      <ManufactureCountry />
      <ManufactureItemDescription />
      <UnitQty>י"ח</UnitQty>
      <Quantity>1</Quantity>
      <UnitMeasure>ליטר</UnitMeasure>
      <BisWeighted>0</BisWeighted>
      <QtyInPackage>1</QtyInPackage>
      <ItemPrice>6.90</ItemPrice>
      <UnitOfMeasurePrice>6.90</UnitOfMeasurePrice>
      <AllowDiscount>0</AllowDiscount>
      <itemStatus>1</itemStatus>
      <LastUpdateDate />
      <LastUpdateTime />
    </Product>
    <Product>
      <PriceUpdateDate>2016/01/11 17:14</PriceUpdateDate>
      <ItemCode>7290006785657</ItemCode>
      <ItemType>1</ItemType>
      <ItemName>שקית 20 בלונים פסטל.</ItemName>
      <ManufactureName>שמחה זה אנחנו</ManufactureName>
      <ManufactureCountry />
      <ManufactureItemDescription />
      <UnitQty>י"ח</UnitQty>
      <Quantity>1</Quantity>
      <UnitMeasure />
      <BisWeighted>0</BisWeighted>
      <QtyInPackage>1</QtyInPackage>
      <ItemPrice>5.90</ItemPrice>
      <UnitOfMeasurePrice>5.90</UnitOfMeasurePrice>
      <AllowDiscount>0</AllowDiscount>
      <itemStatus>1</itemStatus>
      <LastUpdateDate />
      <LastUpdateTime />
    </Product>
    <Product>
      <PriceUpdateDate>2019/12/09 14:32</PriceUpdateDate>
      <ItemCode>7290006788009</ItemCode>
      <ItemType>1</ItemType>
      <ItemName>שמפו 10   לשיער רגיל 700</ItemName>
      <ManufactureName>החב הדרומית לשיווק</ManufactureName>
      <ManufactureCountry />
      <ManufactureItemDescription />
      <UnitQty>י"ח</UnitQty>
      <Quantity>700</Quantity>
      <UnitMeasure>ל  מ"ל</UnitMeasure>
      <BisWeighted>0</BisWeighted>
      <QtyInPackage>1</QtyInPackage>
      <ItemPrice>11.90</ItemPrice>
      <UnitOfMeasurePrice>1.70</UnitOfMeasurePrice>
      <AllowDiscount>1</AllowDiscount>
      <itemStatus>1</itemStatus>
      <LastUpdateDate />
      <LastUpdateTime />
    </Product>
    <Product>
      <PriceUpdateDate>2019/12/09 14:32</PriceUpdateDate>
      <ItemCode>7290006788016</ItemCode>
      <ItemType>1</ItemType>
      <ItemName>שמפו 10   לשיער יבש 700</ItemName>
      <ManufactureName>החב הדרומית לשיווק</ManufactureName>
      <ManufactureCountry />
      <ManufactureItemDescription />
      <UnitQty>י"ח</UnitQty>
      <Quantity>700</Quantity>
      <UnitMeasure>ל  מ"ל</UnitMeasure>
      <BisWeighted>0</BisWeighted>
      <QtyInPackage>1</QtyInPackage>
      <ItemPrice>11.90</ItemPrice>
      <UnitOfMeasurePrice>1.70</UnitOfMeasurePrice>
      <AllowDiscount>1</AllowDiscount>
      <itemStatus>1</itemStatus>
      <LastUpdateDate />
      <LastUpdateTime />
    </Product>
    <Product>
      <PriceUpdateDate>2019/12/09 14:32</PriceUpdateDate>
      <ItemCode>7290006788023</ItemCode>
      <ItemType>1</ItemType>
      <ItemName>שמפו 10  לשיער צבוע 700</ItemName>
      <ManufactureName>החב הדרומית לשיווק</ManufactureName>
      <ManufactureCountry />
      <ManufactureItemDescription />
      <UnitQty>י"ח</UnitQty>
      <Quantity>700</Quantity>
      <UnitMeasure>ל  מ"ל</UnitMeasure>
      <BisWeighted>0</BisWeighted>
      <QtyInPackage>1</QtyInPackage>
      <ItemPrice>11.90</ItemPrice>
      <UnitOfMeasurePrice>1.70</UnitOfMeasurePrice>
      <AllowDiscount>1</AllowDiscount>
      <itemStatus>1</itemStatus>
      <LastUpdateDate />
      <LastUpdateTime />
    </Product>
    <Product>
      <PriceUpdateDate>2020/01/16 10:21</PriceUpdateDate>
      <ItemCode>7290006788054</ItemCode>
      <ItemType>1</ItemType>
      <ItemName>שמפו 10  סירוק קל 700</ItemName>
      <ManufactureName>החב הדרומית לשיווק</ManufactureName>
      <ManufactureCountry />
      <ManufactureItemDescription />
      <UnitQty>י"ח</UnitQty>
      <Quantity>700</Quantity>
      <UnitMeasure>ל  מ"ל</UnitMeasure>
      <BisWeighted>0</BisWeighted>
      <QtyInPackage>1</QtyInPackage>
      <ItemPrice>11.90</ItemPrice>
      <UnitOfMeasurePrice>1.70</UnitOfMeasurePrice>
      <AllowDiscount>1</AllowDiscount>
      <itemStatus>1</itemStatus>
      <LastUpdateDate />
      <LastUpdateTime />
    </Product>
    <Product>
      <PriceUpdateDate>2020/01/13 10:42</PriceUpdateDate>
      <ItemCode>7290006788337</ItemCode>
      <ItemType>1</ItemType>
      <ItemName>קרליין קליר 50 מ"ל</ItemName>
      <ManufactureName>החב הדרומית לשיווק</ManufactureName>
      <ManufactureCountry />
      <ManufactureItemDescription />
      <UnitQty>י"ח</UnitQty>
      <Quantity>50</Quantity>
      <UnitMeasure>ל  גרם</UnitMeasure>
      <BisWeighted>0</BisWeighted>
      <QtyInPackage>1</QtyInPackage>
      <ItemPrice>15.90</ItemPrice>
      <UnitOfMeasurePrice>31.80</UnitOfMeasurePrice>
      <AllowDiscount>0</AllowDiscount>
      <itemStatus>1</itemStatus>
      <LastUpdateDate />
      <LastUpdateTime />
    </Product>
    <Product>
      <PriceUpdateDate>2019/12/09 14:32</PriceUpdateDate>
      <ItemCode>7290006788405</ItemCode>
      <ItemType>1</ItemType>
      <ItemName>רולאון נושם  2 קרליין פ. דיל</ItemName>
      <ManufactureName>החב הדרומית לשיווק</ManufactureName>
      <ManufactureCountry />
      <ManufactureItemDescription />
      <UnitQty>י"ח</UnitQty>
      <Quantity>75</Quantity>
      <UnitMeasure>ל  גרם</UnitMeasure>
      <BisWeighted>0</BisWeighted>
      <QtyInPackage>1</QtyInPackage>
      <ItemPrice>14.90</ItemPrice>
      <UnitOfMeasurePrice>19.87</UnitOfMeasurePrice>
      <AllowDiscount>0</AllowDiscount>
      <itemStatus>1</itemStatus>
      <LastUpdateDate />
      <LastUpdateTime />
    </Product>
    <Product>
      <PriceUpdateDate>2019/12/04 14:54</PriceUpdateDate>
      <ItemCode>7290006788412</ItemCode>
      <ItemType>1</ItemType>
      <ItemName>רולאון נושם תכלת פ. דיל</ItemName>
      <ManufactureName>החב הדרומית לשיווק</ManufactureName>
      <ManufactureCountry />
      <ManufactureItemDescription />
      <UnitQty>י"ח</UnitQty>
      <Quantity>50</Quantity>
      <UnitMeasure>ל  גרם</UnitMeasure>
      <BisWeighted>0</BisWeighted>
      <QtyInPackage>1</QtyInPackage>
      <ItemPrice>11.90</ItemPrice>
      <UnitOfMeasurePrice>23.80</UnitOfMeasurePrice>
      <AllowDiscount>0</AllowDiscount>
      <itemStatus>1</itemStatus>
      <LastUpdateDate />
      <LastUpdateTime />
    </Product>
    <Product>
      <PriceUpdateDate>2016/04/10 11:17</PriceUpdateDate>
      <ItemCode>7290006788467</ItemCode>
      <ItemType>1</ItemType>
      <ItemName>דאו ספריי נושם קרליין מס 2</ItemName>
      <ManufactureName>החב הדרומית לשיווק</ManufactureName>
      <ManufactureCountry />
      <ManufactureItemDescription />
      <UnitQty>י"ח</UnitQty>
      <Quantity>200</Quantity>
      <UnitMeasure>ל  מ"ל</UnitMeasure>
      <BisWeighted>0</BisWeighted>
      <QtyInPackage>1</QtyInPackage>
      <ItemPrice>13.90</ItemPrice>
      <UnitOfMeasurePrice>6.95</UnitOfMeasurePrice>
      <AllowDiscount>0</AllowDiscount>
      <itemStatus>1</itemStatus>
      <LastUpdateDate />
      <LastUpdateTime />
    </Product>
    <Product>
      <PriceUpdateDate>2016/04/10 11:17</PriceUpdateDate>
      <ItemCode>7290006788504</ItemCode>
      <ItemType>1</ItemType>
      <ItemName>דאו ספריי נושם  קרליין מס 6</ItemName>
      <ManufactureName>החב הדרומית לשיווק</ManufactureName>
      <ManufactureCountry />
      <ManufactureItemDescription />
      <UnitQty>י"ח</UnitQty>
      <Quantity>200</Quantity>
      <UnitMeasure>ל  מ"ל</UnitMeasure>
      <BisWeighted>0</BisWeighted>
      <QtyInPackage>1</QtyInPackage>
      <ItemPrice>13.90</ItemPrice>
      <UnitOfMeasurePrice>6.95</UnitOfMeasurePrice>
      <AllowDiscount>0</AllowDiscount>
      <itemStatus>1</itemStatus>
      <LastUpdateDate />
      <LastUpdateTime />
    </Product>
    <Product>
      <PriceUpdateDate>2018/04/15 13:36</PriceUpdateDate>
      <ItemCode>7290006789631</ItemCode>
      <ItemType>1</ItemType>
      <ItemName>קרליין 10 לחות ש.רגיל</ItemName>
      <ManufactureName>החב הדרומית לשיווק</ManufactureName>
      <ManufactureCountry />
      <ManufactureItemDescription />
      <UnitQty>י"ח</UnitQty>
      <Quantity>400</Quantity>
      <UnitMeasure>ל  מ"ל</UnitMeasure>
      <BisWeighted>0</BisWeighted>
      <QtyInPackage>1</QtyInPackage>
      <ItemPrice>16.90</ItemPrice>
      <UnitOfMeasurePrice>4.23</UnitOfMeasurePrice>
      <AllowDiscount>0</AllowDiscount>
      <itemStatus>1</itemStatus>
      <LastUpdateDate />
      <LastUpdateTime />
    </Product>
    <Product>
      <PriceUpdateDate>2017/02/06 09:44</PriceUpdateDate>
      <ItemCode>7290006866363</ItemCode>
      <ItemType>1</ItemType>
      <ItemName>מיץ אשכוליות אדומות 1 ליטר</ItemName>
      <ManufactureName>שטראוס גרופ ***בעמ</ManufactureName>
      <ManufactureCountry />
      <ManufactureItemDescription />
      <UnitQty>י"ח</UnitQty>
      <Quantity>1</Quantity>
      <UnitMeasure>ליטר</UnitMeasure>
      <BisWeighted>0</BisWeighted>
      <QtyInPackage>1</QtyInPackage>
      <ItemPrice>14.80</ItemPrice>
      <UnitOfMeasurePrice>14.80</UnitOfMeasurePrice>
      <AllowDiscount>0</AllowDiscount>
      <itemStatus>1</itemStatus>
      <LastUpdateDate />
      <LastUpdateTime />
    </Product>
    <Product>
      <PriceUpdateDate>2015/04/13 14:41</PriceUpdateDate>
      <ItemCode>6941008</ItemCode>
      <ItemType>0</ItemType>
      <ItemName>כפות ח.פ100.יח שווה</ItemName>
      <ManufactureName>ח.כהן סוכנות מזון ומשקאות בע</ManufactureName>
      <ManufactureCountry />
      <ManufactureItemDescription />
      <UnitQty>י"ח</UnitQty>
      <Quantity>1</Quantity>
      <UnitMeasure />
      <BisWeighted>0</BisWeighted>
      <QtyInPackage>1</QtyInPackage>
      <ItemPrice>6.90</ItemPrice>
      <UnitOfMeasurePrice>6.90</UnitOfMeasurePrice>
      <AllowDiscount>1</AllowDiscount>
      <itemStatus>1</itemStatus>
      <LastUpdateDate />
      <LastUpdateTime />
    </Product>
    <Product>
      <PriceUpdateDate>2016/04/06 14:04</PriceUpdateDate>
      <ItemCode>6941015</ItemCode>
      <ItemType>0</ItemType>
      <ItemName>כפיות קטנות שווה</ItemName>
      <ManufactureName>ח.כהן סוכנות מזון ומשקאות בע</ManufactureName>
      <ManufactureCountry />
      <ManufactureItemDescription />
      <UnitQty>י"ח</UnitQty>
      <Quantity>1</Quantity>
      <UnitMeasure />
      <BisWeighted>0</BisWeighted>
      <QtyInPackage>1</QtyInPackage>
      <ItemPrice>4.90</ItemPrice>
      <UnitOfMeasurePrice>4.90</UnitOfMeasurePrice>
      <AllowDiscount>1</AllowDiscount>
      <itemStatus>1</itemStatus>
      <LastUpdateDate />
      <LastUpdateTime />
    </Product>
    <Product>
      <PriceUpdateDate>2014/12/23 15:47</PriceUpdateDate>
      <ItemCode>7290006941114</ItemCode>
      <ItemType>1</ItemType>
      <ItemName>צלחות גדולות ח.פ המותג 50</ItemName>
      <ManufactureName>דין שיווק *****</ManufactureName>
      <ManufactureCountry />
      <ManufactureItemDescription />
      <UnitQty>י"ח</UnitQty>
      <Quantity>50</Quantity>
      <UnitMeasure>י"ח</UnitMeasure>
      <BisWeighted>0</BisWeighted>
      <QtyInPackage>1</QtyInPackage>
      <ItemPrice>6.90</ItemPrice>
      <UnitOfMeasurePrice>0.14</UnitOfMeasurePrice>
      <AllowDiscount>0</AllowDiscount>
      <itemStatus>1</itemStatus>
      <LastUpdateDate />
      <LastUpdateTime />
    </Product>
    <Product>
      <PriceUpdateDate>2013/12/11 15:52</PriceUpdateDate>
      <ItemCode>7290006941121</ItemCode>
      <ItemType>1</ItemType>
      <ItemName>צלחות קטנות ח.פ המותג 50</ItemName>
      <ManufactureName>דין שיווק *****</ManufactureName>
      <ManufactureCountry />
      <ManufactureItemDescription />
      <UnitQty>י"ח</UnitQty>
      <Quantity>50</Quantity>
      <UnitMeasure>י"ח</UnitMeasure>
      <BisWeighted>0</BisWeighted>
      <QtyInPackage>1</QtyInPackage>
      <ItemPrice>4.60</ItemPrice>
      <UnitOfMeasurePrice>0.09</UnitOfMeasurePrice>
      <AllowDiscount>1</AllowDiscount>
      <itemStatus>1</itemStatus>
      <LastUpdateDate />
      <LastUpdateTime />
    </Product>
    <Product>
      <PriceUpdateDate>2013/06/04 16:08</PriceUpdateDate>
      <ItemCode>7290006941138</ItemCode>
      <ItemType>1</ItemType>
      <ItemName>לפתניה 25 יח  המותג</ItemName>
      <ManufactureName>דין שיווק *****</ManufactureName>
      <ManufactureCountry />
      <ManufactureItemDescription />
      <UnitQty>י"ח</UnitQty>
      <Quantity>2500</Quantity>
      <UnitMeasure>ל  גרם</UnitMeasure>
      <BisWeighted>0</BisWeighted>
      <QtyInPackage>1</QtyInPackage>
      <ItemPrice>2.50</ItemPrice>
      <UnitOfMeasurePrice>0.10</UnitOfMeasurePrice>
      <AllowDiscount>1</AllowDiscount>
      <itemStatus>1</itemStatus>
      <LastUpdateDate />
      <LastUpdateTime />
    </Product>
    <Product>
      <PriceUpdateDate>2014/12/23 15:46</PriceUpdateDate>
      <ItemCode>7290006941145</ItemCode>
      <ItemType>1</ItemType>
      <ItemName>מרקיה 25 יח  המותג</ItemName>
      <ManufactureName>דין שיווק *****</ManufactureName>
      <ManufactureCountry />
      <ManufactureItemDescription />
      <UnitQty>י"ח</UnitQty>
      <Quantity>25</Quantity>
      <UnitMeasure>י"ח</UnitMeasure>
      <BisWeighted>0</BisWeighted>
      <QtyInPackage>1</QtyInPackage>
      <ItemPrice>4.90</ItemPrice>
      <UnitOfMeasurePrice>0.20</UnitOfMeasurePrice>
      <AllowDiscount>1</AllowDiscount>
      <itemStatus>1</itemStatus>
      <LastUpdateDate />
      <LastUpdateTime />
    </Product>
    <Product>
      <PriceUpdateDate>2013/12/10 17:53</PriceUpdateDate>
      <ItemCode>7290006941152</ItemCode>
      <ItemType>1</ItemType>
      <ItemName>קעריות אובליות 25 המותג</ItemName>
      <ManufactureName>דין שיווק *****</ManufactureName>
      <ManufactureCountry />
      <ManufactureItemDescription />
      <UnitQty>י"ח</UnitQty>
      <Quantity>25</Quantity>
      <UnitMeasure>י"ח</UnitMeasure>
      <BisWeighted>0</BisWeighted>
      <QtyInPackage>1</QtyInPackage>
      <ItemPrice>4.10</ItemPrice>
      <UnitOfMeasurePrice>0.16</UnitOfMeasurePrice>
      <AllowDiscount>0</AllowDiscount>
      <itemStatus>1</itemStatus>
      <LastUpdateDate />
      <LastUpdateTime />
    </Product>
    <Product>
      <PriceUpdateDate>2014/12/23 15:53</PriceUpdateDate>
      <ItemCode>7290006941169</ItemCode>
      <ItemType>1</ItemType>
      <ItemName>צלחת עמוקה 50 יח  המותג</ItemName>
      <ManufactureName>דין שיווק *****</ManufactureName>
      <ManufactureCountry />
      <ManufactureItemDescription />
      <UnitQty>י"ח</UnitQty>
      <Quantity>50</Quantity>
      <UnitMeasure>י"ח</UnitMeasure>
      <BisWeighted>0</BisWeighted>
      <QtyInPackage>1</QtyInPackage>
      <ItemPrice>11.90</ItemPrice>
      <UnitOfMeasurePrice>0.24</UnitOfMeasurePrice>
      <AllowDiscount>0</AllowDiscount>
      <itemStatus>1</itemStatus>
      <LastUpdateDate />
      <LastUpdateTime />
    </Product>
    <Product>
      <PriceUpdateDate>2015/10/23 09:42</PriceUpdateDate>
      <ItemCode>7290006941213</ItemCode>
      <ItemType>1</ItemType>
      <ItemName>צלחת גדולה צבעונית המותג 25</ItemName>
      <ManufactureName>דין שיווק *****</ManufactureName>
      <ManufactureCountry />
      <ManufactureItemDescription />
      <UnitQty>י"ח</UnitQty>
      <Quantity>1</Quantity>
      <UnitMeasure>י"ח</UnitMeasure>
      <BisWeighted>0</BisWeighted>
      <QtyInPackage>1</QtyInPackage>
      <ItemPrice>8.90</ItemPrice>
      <UnitOfMeasurePrice>8.90</UnitOfMeasurePrice>
      <AllowDiscount>0</AllowDiscount>
      <itemStatus>1</itemStatus>
      <LastUpdateDate />
      <LastUpdateTime />
    </Product>
    <Product>
      <PriceUpdateDate>2016/04/11 12:45</PriceUpdateDate>
      <ItemCode>7290006941237</ItemCode>
      <ItemType>1</ItemType>
      <ItemName>לפתניה צבעוני המותג 25 יח</ItemName>
      <ManufactureName>דין שיווק *****</ManufactureName>
      <ManufactureCountry />
      <ManufactureItemDescription />
      <UnitQty>י"ח</UnitQty>
      <Quantity>25</Quantity>
      <UnitMeasure>י"ח</UnitMeasure>
      <BisWeighted>0</BisWeighted>
      <QtyInPackage>1</QtyInPackage>
      <ItemPrice>4.20</ItemPrice>
      <UnitOfMeasurePrice>0.17</UnitOfMeasurePrice>
      <AllowDiscount>1</AllowDiscount>
      <itemStatus>1</itemStatus>
      <LastUpdateDate />
      <LastUpdateTime />
    </Product>
    <Product>
      <PriceUpdateDate>2013/12/11 16:11</PriceUpdateDate>
      <ItemCode>7290006941251</ItemCode>
      <ItemType>1</ItemType>
      <ItemName>קעריות אובליות צבע המותג</ItemName>
      <ManufactureName>דין שיווק *****</ManufactureName>
      <ManufactureCountry />
      <ManufactureItemDescription />
      <UnitQty>י"ח</UnitQty>
      <Quantity>25</Quantity>
      <UnitMeasure>י"ח</UnitMeasure>
      <BisWeighted>0</BisWeighted>
      <QtyInPackage>1</QtyInPackage>
      <ItemPrice>4.40</ItemPrice>
      <UnitOfMeasurePrice>0.18</UnitOfMeasurePrice>
      <AllowDiscount>1</AllowDiscount>
      <itemStatus>1</itemStatus>
      <LastUpdateDate />
      <LastUpdateTime />
    </Product>
    <Product>
      <PriceUpdateDate>2014/06/29 12:11</PriceUpdateDate>
      <ItemCode>6941329</ItemCode>
      <ItemType>0</ItemType>
      <ItemName>צלחות לפתניה 100יח</ItemName>
      <ManufactureName>דין שיווק *****</ManufactureName>
      <ManufactureCountry />
      <ManufactureItemDescription />
      <UnitQty>י"ח</UnitQty>
      <Quantity>1</Quantity>
      <UnitMeasure />
      <BisWeighted>0</BisWeighted>
      <QtyInPackage>1</QtyInPackage>
      <ItemPrice>9.50</ItemPrice>
      <UnitOfMeasurePrice>9.50</UnitOfMeasurePrice>
      <AllowDiscount>1</AllowDiscount>
      <itemStatus>1</itemStatus>
      <LastUpdateDate />
      <LastUpdateTime />
    </Product>
    <Product>
      <PriceUpdateDate>2013/06/04 16:08</PriceUpdateDate>
      <ItemCode>6941343</ItemCode>
      <ItemType>0</ItemType>
      <ItemName>מרקיה 100יח</ItemName>
      <ManufactureName>דין שיווק *****</ManufactureName>
      <ManufactureCountry />
      <ManufactureItemDescription />
      <UnitQty>י"ח</UnitQty>
      <Quantity>1</Quantity>
      <UnitMeasure />
      <BisWeighted>0</BisWeighted>
      <QtyInPackage>1</QtyInPackage>
      <ItemPrice>16.30</ItemPrice>
      <UnitOfMeasurePrice>16.30</UnitOfMeasurePrice>
      <AllowDiscount>1</AllowDiscount>
      <itemStatus>1</itemStatus>
      <LastUpdateDate />
      <LastUpdateTime />
    </Product>
    <Product>
      <PriceUpdateDate>2015/06/08 10:42</PriceUpdateDate>
      <ItemCode>6941350</ItemCode>
      <ItemType>0</ItemType>
      <ItemName>צלחות קטנות 100יח</ItemName>
      <ManufactureName>דין שיווק *****</ManufactureName>
      <ManufactureCountry />
      <ManufactureItemDescription />
      <UnitQty>י"ח</UnitQty>
      <Quantity>1</Quantity>
      <UnitMeasure />
      <BisWeighted>0</BisWeighted>
      <QtyInPackage>1</QtyInPackage>
      <ItemPrice>10.90</ItemPrice>
      <UnitOfMeasurePrice>10.90</UnitOfMeasurePrice>
      <AllowDiscount>1</AllowDiscount>
      <itemStatus>1</itemStatus>
      <LastUpdateDate />
      <LastUpdateTime />
    </Product>
    <Product>
      <PriceUpdateDate>2015/01/30 10:04</PriceUpdateDate>
      <ItemCode>6941367</ItemCode>
      <ItemType>0</ItemType>
      <ItemName>צלחות גדולות 100יח</ItemName>
      <ManufactureName>דין שיווק *****</ManufactureName>
      <ManufactureCountry />
      <ManufactureItemDescription />
      <UnitQty>י"ח</UnitQty>
      <Quantity>1</Quantity>
      <UnitMeasure />
      <BisWeighted>0</BisWeighted>
      <QtyInPackage>1</QtyInPackage>
      <ItemPrice>13.90</ItemPrice>
      <UnitOfMeasurePrice>13.90</UnitOfMeasurePrice>
      <AllowDiscount>1</AllowDiscount>
      <itemStatus>1</itemStatus>
      <LastUpdateDate />
      <LastUpdateTime />
    </Product>
    <Product>
      <PriceUpdateDate>2018/08/26 17:46</PriceUpdateDate>
      <ItemCode>6941374</ItemCode>
      <ItemType>0</ItemType>
      <ItemName>צלחות עמוקות 100יח</ItemName>
      <ManufactureName>דין שיווק *****</ManufactureName>
      <ManufactureCountry />
      <ManufactureItemDescription />
      <UnitQty>י"ח</UnitQty>
      <Quantity>1</Quantity>
      <UnitMeasure />
      <BisWeighted>0</BisWeighted>
      <QtyInPackage>1</QtyInPackage>
      <ItemPrice>21.90</ItemPrice>
      <UnitOfMeasurePrice>21.90</UnitOfMeasurePrice>
      <AllowDiscount>1</AllowDiscount>
      <itemStatus>1</itemStatus>
      <LastUpdateDate />
      <LastUpdateTime />
    </Product>
    <Product>
      <PriceUpdateDate>2019/11/14 07:32</PriceUpdateDate>
      <ItemCode>6941466</ItemCode>
      <ItemType>0</ItemType>
      <ItemName>שמן קנולה 1 ליטר שווה</ItemName>
      <ManufactureName>ח.כהן סוכנות מזון ומשקאות בע</ManufactureName>
      <ManufactureCountry />
      <ManufactureItemDescription />
      <UnitQty>י"ח</UnitQty>
      <Quantity>1</Quantity>
      <UnitMeasure>ליטר</UnitMeasure>
      <BisWeighted>0</BisWeighted>
      <QtyInPackage>1</QtyInPackage>
      <ItemPrice>8.90</ItemPrice>
      <UnitOfMeasurePrice>8.90</UnitOfMeasurePrice>
      <AllowDiscount>0</AllowDiscount>
      <itemStatus>1</itemStatus>
      <LastUpdateDate />
      <LastUpdateTime />
    </Product>
    <Product>
      <PriceUpdateDate>2019/07/02 09:42</PriceUpdateDate>
      <ItemCode>7290006983176</ItemCode>
      <ItemType>1</ItemType>
      <ItemName>לחמית שיפון 230 ג`</ItemName>
      <ManufactureName>קבוצת אוסם סחר-שות.מוגבלת</ManufactureName>
      <ManufactureCountry />
      <ManufactureItemDescription />
      <UnitQty>י"ח</UnitQty>
      <Quantity>230</Quantity>
      <UnitMeasure>ל  גרם</UnitMeasure>
      <BisWeighted>0</BisWeighted>
      <QtyInPackage>1</QtyInPackage>
      <ItemPrice>8.90</ItemPrice>
      <UnitOfMeasurePrice>3.87</UnitOfMeasurePrice>
      <AllowDiscount>1</AllowDiscount>
      <itemStatus>1</itemStatus>
      <LastUpdateDate />
      <LastUpdateTime />
    </Product>
    <Product>
      <PriceUpdateDate>2013/12/09 11:19</PriceUpdateDate>
      <ItemCode>7290006983206</ItemCode>
      <ItemType>1</ItemType>
      <ItemName>פלאפל בקלי קלות</ItemName>
      <ManufactureName>קבוצת אוסם סחר-שות.מוגבלת</ManufactureName>
      <ManufactureCountry />
      <ManufactureItemDescription />
      <UnitQty>י"ח</UnitQty>
      <Quantity>90</Quantity>
      <UnitMeasure>ל  גרם</UnitMeasure>
      <BisWeighted>0</BisWeighted>
      <QtyInPackage>1</QtyInPackage>
      <ItemPrice>9.90</ItemPrice>
      <UnitOfMeasurePrice>11</UnitOfMeasurePrice>
      <AllowDiscount>0</AllowDiscount>
      <itemStatus>1</itemStatus>
      <LastUpdateDate />
      <LastUpdateTime />
    </Product>
    <Product>
      <PriceUpdateDate>2014/05/04 12:18</PriceUpdateDate>
      <ItemCode>7290006984647</ItemCode>
      <ItemType>1</ItemType>
      <ItemName>חטיפי פריכונים מלוח גלי</ItemName>
      <ManufactureName>קבוצת אוסם סחר-שות.מוגבלת</ManufactureName>
      <ManufactureCountry />
      <ManufactureItemDescription />
      <UnitQty>י"ח</UnitQty>
      <Quantity>100</Quantity>
      <UnitMeasure>ל  גרם</UnitMeasure>
      <BisWeighted>0</BisWeighted>
      <QtyInPackage>1</QtyInPackage>
      <ItemPrice>7.60</ItemPrice>
      <UnitOfMeasurePrice>7.60</UnitOfMeasurePrice>
      <AllowDiscount>1</AllowDiscount>
      <itemStatus>1</itemStatus>
      <LastUpdateDate />
      <LastUpdateTime />
    </Product>
    <Product>
      <PriceUpdateDate>2016/04/13 11:40</PriceUpdateDate>
      <ItemCode>7290006992185</ItemCode>
      <ItemType>1</ItemType>
      <ItemName>דייסלה אורז</ItemName>
      <ManufactureName>קבוצת אוסם סחר-שות.מוגבלת</ManufactureName>
      <ManufactureCountry />
      <ManufactureItemDescription />
      <UnitQty>י"ח</UnitQty>
      <Quantity>200</Quantity>
      <UnitMeasure>ל  גרם</UnitMeasure>
      <BisWeighted>0</BisWeighted>
      <QtyInPackage>1</QtyInPackage>
      <ItemPrice>13.90</ItemPrice>
      <UnitOfMeasurePrice>6.95</UnitOfMeasurePrice>
      <AllowDiscount>0</AllowDiscount>
      <itemStatus>1</itemStatus>
      <LastUpdateDate />
      <LastUpdateTime />
    </Product>
    <Product>
      <PriceUpdateDate>2016/04/13 11:40</PriceUpdateDate>
      <ItemCode>7290006992192</ItemCode>
      <ItemType>1</ItemType>
      <ItemName>דייסה סולת מטרנה</ItemName>
      <ManufactureName>קבוצת אוסם סחר-שות.מוגבלת</ManufactureName>
      <ManufactureCountry />
      <ManufactureItemDescription />
      <UnitQty>י"ח</UnitQty>
      <Quantity>200</Quantity>
      <UnitMeasure>ל  גרם</UnitMeasure>
      <BisWeighted>0</BisWeighted>
      <QtyInPackage>1</QtyInPackage>
      <ItemPrice>13.90</ItemPrice>
      <UnitOfMeasurePrice>6.95</UnitOfMeasurePrice>
      <AllowDiscount>0</AllowDiscount>
      <itemStatus>1</itemStatus>
      <LastUpdateDate />
      <LastUpdateTime />
    </Product>
    <Product>
      <PriceUpdateDate>2016/04/13 11:40</PriceUpdateDate>
      <ItemCode>7290006992390</ItemCode>
      <ItemType>1</ItemType>
      <ItemName>דייסת וניל בד"צ 200 גרם</ItemName>
      <ManufactureName>קבוצת אוסם סחר-שות.מוגבלת</ManufactureName>
      <ManufactureCountry />
      <ManufactureItemDescription />
      <UnitQty>י"ח</UnitQty>
      <Quantity>200</Quantity>
      <UnitMeasure>ל  גרם</UnitMeasure>
      <BisWeighted>0</BisWeighted>
      <QtyInPackage>1</QtyInPackage>
      <ItemPrice>13.90</ItemPrice>
      <UnitOfMeasurePrice>6.95</UnitOfMeasurePrice>
      <AllowDiscount>0</AllowDiscount>
      <itemStatus>1</itemStatus>
      <LastUpdateDate />
      <LastUpdateTime />
    </Product>
    <Product>
      <PriceUpdateDate>2018/02/14 13:00</PriceUpdateDate>
      <ItemCode>8000796</ItemCode>
      <ItemType>0</ItemType>
      <ItemName>סופרמן משחת שיניים לילדים</ItemName>
      <ManufactureName>גורי ע.ע.ע. בעמ</ManufactureName>
      <ManufactureCountry />
      <ManufactureItemDescription />
      <UnitQty>י"ח</UnitQty>
      <Quantity>1</Quantity>
      <UnitMeasure />
      <BisWeighted>0</BisWeighted>
      <QtyInPackage>1</QtyInPackage>
      <ItemPrice>10.70</ItemPrice>
      <UnitOfMeasurePrice>10.70</UnitOfMeasurePrice>
      <AllowDiscount>0</AllowDiscount>
      <itemStatus>1</itemStatus>
      <LastUpdateDate />
      <LastUpdateTime />
    </Product>
    <Product>
      <PriceUpdateDate>2020/02/20 11:48</PriceUpdateDate>
      <ItemCode>7290008000826</ItemCode>
      <ItemType>1</ItemType>
      <ItemName>משחת שיניים ברבי</ItemName>
      <ManufactureName>גורי ע.ע.ע. בעמ</ManufactureName>
      <ManufactureCountry />
      <ManufactureItemDescription />
      <UnitQty>י"ח</UnitQty>
      <Quantity>50</Quantity>
      <UnitMeasure>ל  גרם</UnitMeasure>
      <BisWeighted>0</BisWeighted>
      <QtyInPackage>1</QtyInPackage>
      <ItemPrice>10.90</ItemPrice>
      <UnitOfMeasurePrice>21.80</UnitOfMeasurePrice>
      <AllowDiscount>0</AllowDiscount>
      <itemStatus>1</itemStatus>
      <LastUpdateDate />
      <LastUpdateTime />
    </Product>
    <Product>
      <PriceUpdateDate>2019/12/31 11:14</PriceUpdateDate>
      <ItemCode>7290008021043</ItemCode>
      <ItemType>1</ItemType>
      <ItemName>פינוק  שמפו(כחול)לשיער יבש</ItemName>
      <ManufactureName>יוניליוור ישראל שיווק בעמ</ManufactureName>
      <ManufactureCountry />
      <ManufactureItemDescription />
      <UnitQty>י"ח</UnitQty>
      <Quantity>700</Quantity>
      <UnitMeasure>ל  מ"ל</UnitMeasure>
      <BisWeighted>0</BisWeighted>
      <QtyInPackage>1</QtyInPackage>
      <ItemPrice>11.90</ItemPrice>
      <UnitOfMeasurePrice>1.70</UnitOfMeasurePrice>
      <AllowDiscount>0</AllowDiscount>
      <itemStatus>1</itemStatus>
      <LastUpdateDate />
      <LastUpdateTime />
    </Product>
    <Product>
      <PriceUpdateDate>2019/12/31 11:14</PriceUpdateDate>
      <ItemCode>7290008021104</ItemCode>
      <ItemType>1</ItemType>
      <ItemName>פינוק קונדישנר לשיער רגיל</ItemName>
      <ManufactureName>יוניליוור ישראל שיווק בעמ</ManufactureName>
      <ManufactureCountry />
      <ManufactureItemDescription />
      <UnitQty>י"ח</UnitQty>
      <Quantity>700</Quantity>
      <UnitMeasure>ל  מ"ל</UnitMeasure>
      <BisWeighted>0</BisWeighted>
      <QtyInPackage>1</QtyInPackage>
      <ItemPrice>11.90</ItemPrice>
      <UnitOfMeasurePrice>1.70</UnitOfMeasurePrice>
      <AllowDiscount>0</AllowDiscount>
      <itemStatus>1</itemStatus>
      <LastUpdateDate />
      <LastUpdateTime />
    </Product>
    <Product>
      <PriceUpdateDate>2019/12/31 11:14</PriceUpdateDate>
      <ItemCode>7290008021111</ItemCode>
      <ItemType>1</ItemType>
      <ItemName>קונדשנר פינוק לשיער יבש</ItemName>
      <ManufactureName>יוניליוור ישראל שיווק בעמ</ManufactureName>
      <ManufactureCountry />
      <ManufactureItemDescription />
      <UnitQty>י"ח</UnitQty>
      <Quantity>700</Quantity>
      <UnitMeasure>ל  מ"ל</UnitMeasure>
      <BisWeighted>0</BisWeighted>
      <QtyInPackage>1</QtyInPackage>
      <ItemPrice>11.90</ItemPrice>
      <UnitOfMeasurePrice>1.70</UnitOfMeasurePrice>
      <AllowDiscount>0</AllowDiscount>
      <itemStatus>1</itemStatus>
      <LastUpdateDate />
      <LastUpdateTime />
    </Product>
    <Product>
      <PriceUpdateDate>2018/08/30 15:20</PriceUpdateDate>
      <ItemCode>8101264</ItemCode>
      <ItemType>0</ItemType>
      <ItemName>זרעי צ יה 150ג</ItemName>
      <ManufactureName>א.ל.יצור ושיווקתבלינים בעמ</ManufactureName>
      <ManufactureCountry />
      <ManufactureItemDescription />
      <UnitQty>י"ח</UnitQty>
      <Quantity>150</Quantity>
      <UnitMeasure>ל  גרם</UnitMeasure>
      <BisWeighted>0</BisWeighted>
      <QtyInPackage>1</QtyInPackage>
      <ItemPrice>13.90</ItemPrice>
      <UnitOfMeasurePrice>9.27</UnitOfMeasurePrice>
      <AllowDiscount>1</AllowDiscount>
      <itemStatus>1</itemStatus>
      <LastUpdateDate />
      <LastUpdateTime />
    </Product>
    <Product>
      <PriceUpdateDate>2018/12/17 13:51</PriceUpdateDate>
      <ItemCode>7290008116541</ItemCode>
      <ItemType>1</ItemType>
      <ItemName>ליסטרין קול מינט 500</ItemName>
      <ManufactureName>שקד תבל בעמ</ManufactureName>
      <ManufactureCountry />
      <ManufactureItemDescription />
      <UnitQty>י"ח</UnitQty>
      <Quantity>500</Quantity>
      <UnitMeasure>ל  מ"ל</UnitMeasure>
      <BisWeighted>0</BisWeighted>
      <QtyInPackage>1</QtyInPackage>
      <ItemPrice>26.90</ItemPrice>
      <UnitOfMeasurePrice>5.38</UnitOfMeasurePrice>
      <AllowDiscount>1</AllowDiscount>
      <itemStatus>1</itemStatus>
      <LastUpdateDate />
      <LastUpdateTime />
    </Product>
    <Product>
      <PriceUpdateDate>2018/12/17 13:51</PriceUpdateDate>
      <ItemCode>7290008116565</ItemCode>
      <ItemType>1</ItemType>
      <ItemName>ליסטרין פרש ברט 500</ItemName>
      <ManufactureName>שקד תבל בעמ</ManufactureName>
      <ManufactureCountry />
      <ManufactureItemDescription />
      <UnitQty>י"ח</UnitQty>
      <Quantity>500</Quantity>
      <UnitMeasure>ל  מ"ל</UnitMeasure>
      <BisWeighted>0</BisWeighted>
      <QtyInPackage>1</QtyInPackage>
      <ItemPrice>26.90</ItemPrice>
      <UnitOfMeasurePrice>5.38</UnitOfMeasurePrice>
      <AllowDiscount>1</AllowDiscount>
      <itemStatus>1</itemStatus>
      <LastUpdateDate />
      <LastUpdateTime />
    </Product>
    <Product>
      <PriceUpdateDate>2017/12/29 10:49</PriceUpdateDate>
      <ItemCode>7290008175210</ItemCode>
      <ItemType>1</ItemType>
      <ItemName>פרמזנו מגורדת 90 ג ויליפוד</ItemName>
      <ManufactureName>ג.וילי פוד אינטרנשיונל בעמ</ManufactureName>
      <ManufactureCountry />
      <ManufactureItemDescription />
      <UnitQty>י"ח</UnitQty>
      <Quantity>90</Quantity>
      <UnitMeasure>ל  גרם</UnitMeasure>
      <BisWeighted>0</BisWeighted>
      <QtyInPackage>1</QtyInPackage>
      <ItemPrice>16.90</ItemPrice>
      <UnitOfMeasurePrice>18.78</UnitOfMeasurePrice>
      <AllowDiscount>1</AllowDiscount>
      <itemStatus>1</itemStatus>
      <LastUpdateDate />
      <LastUpdateTime />
    </Product>
    <Product>
      <PriceUpdateDate>2016/05/26 14:12</PriceUpdateDate>
      <ItemCode>7290008175692</ItemCode>
      <ItemType>1</ItemType>
      <ItemName>אטריות להקפצה נודלס 400</ItemName>
      <ManufactureName>ג.וילי פוד אינטרנשיונל בעמ</ManufactureName>
      <ManufactureCountry />
      <ManufactureItemDescription />
      <UnitQty>י"ח</UnitQty>
      <Quantity>400</Quantity>
      <UnitMeasure>ל  גרם</UnitMeasure>
      <BisWeighted>0</BisWeighted>
      <QtyInPackage>1</QtyInPackage>
      <ItemPrice>4.50</ItemPrice>
      <UnitOfMeasurePrice>1.13</UnitOfMeasurePrice>
      <AllowDiscount>1</AllowDiscount>
      <itemStatus>1</itemStatus>
      <LastUpdateDate />
      <LastUpdateTime />
    </Product>
    <Product>
      <PriceUpdateDate>2015/06/02 12:23</PriceUpdateDate>
      <ItemCode>8175760</ItemCode>
      <ItemType>0</ItemType>
      <ItemName>גבינת מנצ`יגו(חלב  כבשים)למעדניה</ItemName>
      <ManufactureName>ג.וילי פוד אינטרנשיונל בעמ</ManufactureName>
      <ManufactureCountry />
      <ManufactureItemDescription />
      <UnitQty>ק"ג</UnitQty>
      <Quantity>1</Quantity>
      <UnitMeasure>ק"ג</UnitMeasure>
      <BisWeighted>1</BisWeighted>
      <QtyInPackage>1</QtyInPackage>
      <ItemPrice>99</ItemPrice>
      <UnitOfMeasurePrice>99</UnitOfMeasurePrice>
      <AllowDiscount>0</AllowDiscount>
      <itemStatus>1</itemStatus>
      <LastUpdateDate />
      <LastUpdateTime />
    </Product>
    <Product>
      <PriceUpdateDate>2017/04/23 09:11</PriceUpdateDate>
      <ItemCode>8175814</ItemCode>
      <ItemType>0</ItemType>
      <ItemName>פטריות חתוך 400 גרם 8"</ItemName>
      <ManufactureName>ג.וילי פוד אינטרנשיונל בעמ</ManufactureName>
      <ManufactureCountry />
      <ManufactureItemDescription />
      <UnitQty>י"ח</UnitQty>
      <Quantity>400</Quantity>
      <UnitMeasure>ל  גרם</UnitMeasure>
      <BisWeighted>0</BisWeighted>
      <QtyInPackage>1</QtyInPackage>
      <ItemPrice>4.20</ItemPrice>
      <UnitOfMeasurePrice>1.05</UnitOfMeasurePrice>
      <AllowDiscount>0</AllowDiscount>
      <itemStatus>1</itemStatus>
      <LastUpdateDate />
      <LastUpdateTime />
    </Product>
    <Product>
      <PriceUpdateDate>2016/06/19 13:09</PriceUpdateDate>
      <ItemCode>8175906</ItemCode>
      <ItemType>0</ItemType>
      <ItemName>גבינה גאודה מחלב עזים.</ItemName>
      <ManufactureName>ג.וילי פוד אינטרנשיונל בעמ</ManufactureName>
      <ManufactureCountry />
      <ManufactureItemDescription />
      <UnitQty>ק"ג</UnitQty>
      <Quantity>1</Quantity>
      <UnitMeasure>ק"ג</UnitMeasure>
      <BisWeighted>1</BisWeighted>
      <QtyInPackage>1</QtyInPackage>
      <ItemPrice>99.90</ItemPrice>
      <UnitOfMeasurePrice>99.90</UnitOfMeasurePrice>
      <AllowDiscount>0</AllowDiscount>
      <itemStatus>1</itemStatus>
      <LastUpdateDate />
      <LastUpdateTime />
    </Product>
    <Product>
      <PriceUpdateDate>2017/02/07 12:43</PriceUpdateDate>
      <ItemCode>7290008190909</ItemCode>
      <ItemType>1</ItemType>
      <ItemName>מיני קוקיס-שוקו   צ יפס 600גר</ItemName>
      <ManufactureName>כרמית תעשיות ממתקים בעמ</ManufactureName>
      <ManufactureCountry />
      <ManufactureItemDescription />
      <UnitQty>י"ח</UnitQty>
      <Quantity>600</Quantity>
      <UnitMeasure>ל  גרם</UnitMeasure>
      <BisWeighted>0</BisWeighted>
      <QtyInPackage>1</QtyInPackage>
      <ItemPrice>15.90</ItemPrice>
      <UnitOfMeasurePrice>2.65</UnitOfMeasurePrice>
      <AllowDiscount>0</AllowDiscount>
      <itemStatus>1</itemStatus>
      <LastUpdateDate />
      <LastUpdateTime />
    </Product>
    <Product>
      <PriceUpdateDate>2016/03/07 19:01</PriceUpdateDate>
      <ItemCode>7290008333115</ItemCode>
      <ItemType>1</ItemType>
      <ItemName>ג"לטין  ווילגר  28 ג</ItemName>
      <ManufactureName>נטו מלינדה סחר בעמ</ManufactureName>
      <ManufactureCountry />
      <ManufactureItemDescription />
      <UnitQty>י"ח</UnitQty>
      <Quantity>28</Quantity>
      <UnitMeasure>ל  גרם</UnitMeasure>
      <BisWeighted>0</BisWeighted>
      <QtyInPackage>1</QtyInPackage>
      <ItemPrice>9.90</ItemPrice>
      <UnitOfMeasurePrice>35.36</UnitOfMeasurePrice>
      <AllowDiscount>0</AllowDiscount>
      <itemStatus>1</itemStatus>
      <LastUpdateDate />
      <LastUpdateTime />
    </Product>
    <Product>
      <PriceUpdateDate>2016/05/01 08:52</PriceUpdateDate>
      <ItemCode>7290008343466</ItemCode>
      <ItemType>1</ItemType>
      <ItemName>בצק פילו 500 גרם</ItemName>
      <ManufactureName>נטו מלינדה סחר בעמ</ManufactureName>
      <ManufactureCountry />
      <ManufactureItemDescription />
      <UnitQty>י"ח</UnitQty>
      <Quantity>500</Quantity>
      <UnitMeasure>ל  גרם</UnitMeasure>
      <BisWeighted>0</BisWeighted>
      <QtyInPackage>1</QtyInPackage>
      <ItemPrice>21.90</ItemPrice>
      <UnitOfMeasurePrice>4.38</UnitOfMeasurePrice>
      <AllowDiscount>1</AllowDiscount>
      <itemStatus>1</itemStatus>
      <LastUpdateDate />
      <LastUpdateTime />
    </Product>
    <Product>
      <PriceUpdateDate>2016/05/01 08:51</PriceUpdateDate>
      <ItemCode>7290008343503</ItemCode>
      <ItemType>1</ItemType>
      <ItemName>ג חנון אפוי 650 ג</ItemName>
      <ManufactureName>נטו מלינדה סחר בעמ</ManufactureName>
      <ManufactureCountry />
      <ManufactureItemDescription />
      <UnitQty>י"ח</UnitQty>
      <Quantity>650</Quantity>
      <UnitMeasure>ל  גרם</UnitMeasure>
      <BisWeighted>0</BisWeighted>
      <QtyInPackage>1</QtyInPackage>
      <ItemPrice>21.90</ItemPrice>
      <UnitOfMeasurePrice>3.37</UnitOfMeasurePrice>
      <AllowDiscount>1</AllowDiscount>
      <itemStatus>1</itemStatus>
      <LastUpdateDate />
      <LastUpdateTime />
    </Product>
    <Product>
      <PriceUpdateDate>2013/06/04 15:51</PriceUpdateDate>
      <ItemCode>7290008343510</ItemCode>
      <ItemType>1</ItemType>
      <ItemName>מיני ג חנון אפוי 650 ג</ItemName>
      <ManufactureName>נטו מלינדה סחר בעמ</ManufactureName>
      <ManufactureCountry />
      <ManufactureItemDescription />
      <UnitQty>י"ח</UnitQty>
      <Quantity>650</Quantity>
      <UnitMeasure>ל  גרם</UnitMeasure>
      <BisWeighted>0</BisWeighted>
      <QtyInPackage>1</QtyInPackage>
      <ItemPrice>22.70</ItemPrice>
      <UnitOfMeasurePrice>3.49</UnitOfMeasurePrice>
      <AllowDiscount>1</AllowDiscount>
      <itemStatus>1</itemStatus>
      <LastUpdateDate />
      <LastUpdateTime />
    </Product>
    <Product>
      <PriceUpdateDate>2019/08/04 12:49</PriceUpdateDate>
      <ItemCode>7290008343558</ItemCode>
      <ItemType>1</ItemType>
      <ItemName>סיגרים בשר 1 ק"ג</ItemName>
      <ManufactureName>נטו מלינדה סחר בעמ</ManufactureName>
      <ManufactureCountry />
      <ManufactureItemDescription />
      <UnitQty>י"ח</UnitQty>
      <Quantity>1</Quantity>
      <UnitMeasure>ק"ג</UnitMeasure>
      <BisWeighted>0</BisWeighted>
      <QtyInPackage>1</QtyInPackage>
      <ItemPrice>21.90</ItemPrice>
      <UnitOfMeasurePrice>21.90</UnitOfMeasurePrice>
      <AllowDiscount>0</AllowDiscount>
      <itemStatus>1</itemStatus>
      <LastUpdateDate />
      <LastUpdateTime />
    </Product>
    <Product>
      <PriceUpdateDate>2019/08/04 12:49</PriceUpdateDate>
      <ItemCode>7290008343565</ItemCode>
      <ItemType>1</ItemType>
      <ItemName>סיגרים תפו"א 1 ק"ג</ItemName>
      <ManufactureName>נטו מלינדה סחר בעמ</ManufactureName>
      <ManufactureCountry />
      <ManufactureItemDescription />
      <UnitQty>י"ח</UnitQty>
      <Quantity>1</Quantity>
      <UnitMeasure>ק"ג</UnitMeasure>
      <BisWeighted>0</BisWeighted>
      <QtyInPackage>1</QtyInPackage>
      <ItemPrice>21.90</ItemPrice>
      <UnitOfMeasurePrice>21.90</UnitOfMeasurePrice>
      <AllowDiscount>0</AllowDiscount>
      <itemStatus>1</itemStatus>
      <LastUpdateDate />
      <LastUpdateTime />
    </Product>
    <Product>
      <PriceUpdateDate>2019/08/04 12:49</PriceUpdateDate>
      <ItemCode>7290008343619</ItemCode>
      <ItemType>1</ItemType>
      <ItemName>פסטלים תפו"א 1 ק"ג</ItemName>
      <ManufactureName>נטו מלינדה סחר בעמ</ManufactureName>
      <ManufactureCountry />
      <ManufactureItemDescription />
      <UnitQty>י"ח</UnitQty>
      <Quantity>1</Quantity>
      <UnitMeasure>ק"ג</UnitMeasure>
      <BisWeighted>0</BisWeighted>
      <QtyInPackage>1</QtyInPackage>
      <ItemPrice>21.90</ItemPrice>
      <UnitOfMeasurePrice>21.90</UnitOfMeasurePrice>
      <AllowDiscount>0</AllowDiscount>
      <itemStatus>1</itemStatus>
      <LastUpdateDate />
      <LastUpdateTime />
    </Product>
    <Product>
      <PriceUpdateDate>2019/08/04 12:49</PriceUpdateDate>
      <ItemCode>7290008343626</ItemCode>
      <ItemType>1</ItemType>
      <ItemName>פלאפל 1 ק"ג</ItemName>
      <ManufactureName>נטו מלינדה סחר בעמ</ManufactureName>
      <ManufactureCountry />
      <ManufactureItemDescription />
      <UnitQty>י"ח</UnitQty>
      <Quantity>1</Quantity>
      <UnitMeasure>ק"ג</UnitMeasure>
      <BisWeighted>0</BisWeighted>
      <QtyInPackage>1</QtyInPackage>
      <ItemPrice>21.90</ItemPrice>
      <UnitOfMeasurePrice>21.90</UnitOfMeasurePrice>
      <AllowDiscount>0</AllowDiscount>
      <itemStatus>1</itemStatus>
      <LastUpdateDate />
      <LastUpdateTime />
    </Product>
    <Product>
      <PriceUpdateDate>2016/03/07 19:04</PriceUpdateDate>
      <ItemCode>7290008344258</ItemCode>
      <ItemType>1</ItemType>
      <ItemName>המבורגר מזרחיטיוון וויל</ItemName>
      <ManufactureName>נטו מלינדה סחר בעמ</ManufactureName>
      <ManufactureCountry />
      <ManufactureItemDescription />
      <UnitQty>י"ח</UnitQty>
      <Quantity>400</Quantity>
      <UnitMeasure>ל  גרם</UnitMeasure>
      <BisWeighted>0</BisWeighted>
      <QtyInPackage>1</QtyInPackage>
      <ItemPrice>20.90</ItemPrice>
      <UnitOfMeasurePrice>5.23</UnitOfMeasurePrice>
      <AllowDiscount>1</AllowDiscount>
      <itemStatus>1</itemStatus>
      <LastUpdateDate />
      <LastUpdateTime />
    </Product>
    <Product>
      <PriceUpdateDate>2013/12/12 13:39</PriceUpdateDate>
      <ItemCode>8409049</ItemCode>
      <ItemType>0</ItemType>
      <ItemName>מיני מיני שניצלונים בציפוי שומשום</ItemName>
      <ManufactureName>תנובה בשר</ManufactureName>
      <ManufactureCountry />
      <ManufactureItemDescription />
      <UnitQty>י"ח</UnitQty>
      <Quantity>1</Quantity>
      <UnitMeasure />
      <BisWeighted>0</BisWeighted>
      <QtyInPackage>1</QtyInPackage>
      <ItemPrice>26.90</ItemPrice>
      <UnitOfMeasurePrice>26.90</UnitOfMeasurePrice>
      <AllowDiscount>0</AllowDiscount>
      <itemStatus>1</itemStatus>
      <LastUpdateDate />
      <LastUpdateTime />
    </Product>
    <Product>
      <PriceUpdateDate>2016/11/17 15:08</PriceUpdateDate>
      <ItemCode>7290008409124</ItemCode>
      <ItemType>1</ItemType>
      <ItemName>שניצל ג ונגל 700 גרם</ItemName>
      <ManufactureName>תנובה בשר</ManufactureName>
      <ManufactureCountry />
      <ManufactureItemDescription />
      <UnitQty>י"ח</UnitQty>
      <Quantity>700</Quantity>
      <UnitMeasure>ל  גרם</UnitMeasure>
      <BisWeighted>0</BisWeighted>
      <QtyInPackage>1</QtyInPackage>
      <ItemPrice>36.90</ItemPrice>
      <UnitOfMeasurePrice>5.27</UnitOfMeasurePrice>
      <AllowDiscount>0</AllowDiscount>
      <itemStatus>1</itemStatus>
      <LastUpdateDate />
      <LastUpdateTime />
    </Product>
    <Product>
      <PriceUpdateDate>2018/06/25 15:06</PriceUpdateDate>
      <ItemCode>8409216</ItemCode>
      <ItemType>0</ItemType>
      <ItemName>.שניצל דק דק פריך 700גר`</ItemName>
      <ManufactureName>תנובה בשר</ManufactureName>
      <ManufactureCountry />
      <ManufactureItemDescription />
      <UnitQty>י"ח</UnitQty>
      <Quantity>700</Quantity>
      <UnitMeasure>ל  גרם</UnitMeasure>
      <BisWeighted>0</BisWeighted>
      <QtyInPackage>1</QtyInPackage>
      <ItemPrice>41.90</ItemPrice>
      <UnitOfMeasurePrice>5.99</UnitOfMeasurePrice>
      <AllowDiscount>0</AllowDiscount>
      <itemStatus>1</itemStatus>
      <LastUpdateDate />
      <LastUpdateTime />
    </Product>
    <Product>
      <PriceUpdateDate>2018/06/25 15:06</PriceUpdateDate>
      <ItemCode>8409223</ItemCode>
      <ItemType>0</ItemType>
      <ItemName>שניצל דק מתובל 700 גר`</ItemName>
      <ManufactureName>תנובה בשר</ManufactureName>
      <ManufactureCountry />
      <ManufactureItemDescription />
      <UnitQty>י"ח</UnitQty>
      <Quantity>700</Quantity>
      <UnitMeasure>ל  גרם</UnitMeasure>
      <BisWeighted>0</BisWeighted>
      <QtyInPackage>1</QtyInPackage>
      <ItemPrice>41.90</ItemPrice>
      <UnitOfMeasurePrice>5.99</UnitOfMeasurePrice>
      <AllowDiscount>0</AllowDiscount>
      <itemStatus>1</itemStatus>
      <LastUpdateDate />
      <LastUpdateTime />
    </Product>
    <Product>
      <PriceUpdateDate>2013/12/12 10:28</PriceUpdateDate>
      <ItemCode>8409315</ItemCode>
      <ItemType>0</ItemType>
      <ItemName>מיני מיני שניצלונים בציפוי פריך</ItemName>
      <ManufactureName>תנובה בשר</ManufactureName>
      <ManufactureCountry />
      <ManufactureItemDescription />
      <UnitQty>י"ח</UnitQty>
      <Quantity>1</Quantity>
      <UnitMeasure />
      <BisWeighted>0</BisWeighted>
      <QtyInPackage>1</QtyInPackage>
      <ItemPrice>26.90</ItemPrice>
      <UnitOfMeasurePrice>26.90</UnitOfMeasurePrice>
      <AllowDiscount>0</AllowDiscount>
      <itemStatus>1</itemStatus>
      <LastUpdateDate />
      <LastUpdateTime />
    </Product>
    <Product>
      <PriceUpdateDate>2018/06/25 15:06</PriceUpdateDate>
      <ItemCode>8409407</ItemCode>
      <ItemType>0</ItemType>
      <ItemName>שניצל דק בציפוי צ`יפס 700גר`</ItemName>
      <ManufactureName>תנובה בשר</ManufactureName>
      <ManufactureCountry />
      <ManufactureItemDescription />
      <UnitQty>י"ח</UnitQty>
      <Quantity>700</Quantity>
      <UnitMeasure>ל  גרם</UnitMeasure>
      <BisWeighted>0</BisWeighted>
      <QtyInPackage>1</QtyInPackage>
      <ItemPrice>41.90</ItemPrice>
      <UnitOfMeasurePrice>5.99</UnitOfMeasurePrice>
      <AllowDiscount>0</AllowDiscount>
      <itemStatus>1</itemStatus>
      <LastUpdateDate />
      <LastUpdateTime />
    </Product>
    <Product>
      <PriceUpdateDate>2018/06/25 15:06</PriceUpdateDate>
      <ItemCode>7290008409568</ItemCode>
      <ItemType>1</ItemType>
      <ItemName>מאמא עוף בציפוי שבבי ציפס</ItemName>
      <ManufactureName>תנובה בשר</ManufactureName>
      <ManufactureCountry />
      <ManufactureItemDescription />
      <UnitQty>י"ח</UnitQty>
      <Quantity>700</Quantity>
      <UnitMeasure>ל  גרם</UnitMeasure>
      <BisWeighted>0</BisWeighted>
      <QtyInPackage>1</QtyInPackage>
      <ItemPrice>41.90</ItemPrice>
      <UnitOfMeasurePrice>5.99</UnitOfMeasurePrice>
      <AllowDiscount>0</AllowDiscount>
      <itemStatus>1</itemStatus>
      <LastUpdateDate />
      <LastUpdateTime />
    </Product>
    <Product>
      <PriceUpdateDate>2018/06/25 15:06</PriceUpdateDate>
      <ItemCode>7290008409582</ItemCode>
      <ItemType>1</ItemType>
      <ItemName>שניצל אמיתי }700מאמא עוף{</ItemName>
      <ManufactureName>תנובה בשר</ManufactureName>
      <ManufactureCountry />
      <ManufactureItemDescription />
      <UnitQty>י"ח</UnitQty>
      <Quantity>700</Quantity>
      <UnitMeasure>ל  גרם</UnitMeasure>
      <BisWeighted>0</BisWeighted>
      <QtyInPackage>1</QtyInPackage>
      <ItemPrice>41.90</ItemPrice>
      <UnitOfMeasurePrice>5.99</UnitOfMeasurePrice>
      <AllowDiscount>0</AllowDiscount>
      <itemStatus>1</itemStatus>
      <LastUpdateDate />
      <LastUpdateTime />
    </Product>
    <Product>
      <PriceUpdateDate>2016/11/17 15:08</PriceUpdateDate>
      <ItemCode>7290008409605</ItemCode>
      <ItemType>1</ItemType>
      <ItemName>מאמא עוף כוכבים</ItemName>
      <ManufactureName>תנובה בשר</ManufactureName>
      <ManufactureCountry />
      <ManufactureItemDescription />
      <UnitQty>י"ח</UnitQty>
      <Quantity>700</Quantity>
      <UnitMeasure>ל  גרם</UnitMeasure>
      <BisWeighted>0</BisWeighted>
      <QtyInPackage>1</QtyInPackage>
      <ItemPrice>36.90</ItemPrice>
      <UnitOfMeasurePrice>5.27</UnitOfMeasurePrice>
      <AllowDiscount>0</AllowDiscount>
      <itemStatus>1</itemStatus>
      <LastUpdateDate />
      <LastUpdateTime />
    </Product>
    <Product>
      <PriceUpdateDate>2019/09/15 14:24</PriceUpdateDate>
      <ItemCode>7290008415071</ItemCode>
      <ItemType>1</ItemType>
      <ItemName>חומוס עם טחינה 150.</ItemName>
      <ManufactureName>קבוצת אוסם סחר-שות.מוגבלת</ManufactureName>
      <ManufactureCountry />
      <ManufactureItemDescription />
      <UnitQty>י"ח</UnitQty>
      <Quantity>150</Quantity>
      <UnitMeasure>ל  גרם</UnitMeasure>
      <BisWeighted>0</BisWeighted>
      <QtyInPackage>1</QtyInPackage>
      <ItemPrice>5.90</ItemPrice>
      <UnitOfMeasurePrice>3.93</UnitOfMeasurePrice>
      <AllowDiscount>0</AllowDiscount>
      <itemStatus>1</itemStatus>
      <LastUpdateDate />
      <LastUpdateTime />
    </Product>
    <Product>
      <PriceUpdateDate>2019/09/15 14:24</PriceUpdateDate>
      <ItemCode>7290008415514</ItemCode>
      <ItemType>1</ItemType>
      <ItemName>חומוס עם חריף</ItemName>
      <ManufactureName>קבוצת אוסם סחר-שות.מוגבלת</ManufactureName>
      <ManufactureCountry />
      <ManufactureItemDescription />
      <UnitQty>י"ח</UnitQty>
      <Quantity>150</Quantity>
      <UnitMeasure>ל  גרם</UnitMeasure>
      <BisWeighted>0</BisWeighted>
      <QtyInPackage>1</QtyInPackage>
      <ItemPrice>5.90</ItemPrice>
      <UnitOfMeasurePrice>3.93</UnitOfMeasurePrice>
      <AllowDiscount>0</AllowDiscount>
      <itemStatus>1</itemStatus>
      <LastUpdateDate />
      <LastUpdateTime />
    </Product>
    <Product>
      <PriceUpdateDate>2019/02/21 10:38</PriceUpdateDate>
      <ItemCode>7290008443616</ItemCode>
      <ItemType>1</ItemType>
      <ItemName>מרכך נקה 7 מייצב יבש אדום</ItemName>
      <ManufactureName>החב הדרומית לשיווק</ManufactureName>
      <ManufactureCountry />
      <ManufactureItemDescription />
      <UnitQty>י"ח</UnitQty>
      <Quantity>750</Quantity>
      <UnitMeasure>ל  מ"ל</UnitMeasure>
      <BisWeighted>0</BisWeighted>
      <QtyInPackage>1</QtyInPackage>
      <ItemPrice>10.90</ItemPrice>
      <UnitOfMeasurePrice>1.45</UnitOfMeasurePrice>
      <AllowDiscount>1</AllowDiscount>
      <itemStatus>1</itemStatus>
      <LastUpdateDate />
      <LastUpdateTime />
    </Product>
    <Product>
      <PriceUpdateDate>2015/04/01 17:14</PriceUpdateDate>
      <ItemCode>7290008447614</ItemCode>
      <ItemType>1</ItemType>
      <ItemName>תירס  ארוז טלפרוסט 800גר</ItemName>
      <ManufactureName>אחים חמוי בעמ22243</ManufactureName>
      <ManufactureCountry />
      <ManufactureItemDescription />
      <UnitQty>י"ח</UnitQty>
      <Quantity>400</Quantity>
      <UnitMeasure>ל  גרם</UnitMeasure>
      <BisWeighted>0</BisWeighted>
      <QtyInPackage>1</QtyInPackage>
      <ItemPrice>10.90</ItemPrice>
      <UnitOfMeasurePrice>2.73</UnitOfMeasurePrice>
      <AllowDiscount>0</AllowDiscount>
      <itemStatus>1</itemStatus>
      <LastUpdateDate />
      <LastUpdateTime />
    </Product>
    <Product>
      <PriceUpdateDate>2015/04/01 17:14</PriceUpdateDate>
      <ItemCode>8447683</ItemCode>
      <ItemType>0</ItemType>
      <ItemName>כרובית ארוז  800 גרם</ItemName>
      <ManufactureName>אחים חמוי בעמ22243</ManufactureName>
      <ManufactureCountry />
      <ManufactureItemDescription />
      <UnitQty>י"ח</UnitQty>
      <Quantity>800</Quantity>
      <UnitMeasure>ל  גרם</UnitMeasure>
      <BisWeighted>0</BisWeighted>
      <QtyInPackage>1</QtyInPackage>
      <ItemPrice>12.90</ItemPrice>
      <UnitOfMeasurePrice>1.61</UnitOfMeasurePrice>
      <AllowDiscount>0</AllowDiscount>
      <itemStatus>1</itemStatus>
      <LastUpdateDate />
      <LastUpdateTime />
    </Product>
    <Product>
      <PriceUpdateDate>2018/01/22 15:32</PriceUpdateDate>
      <ItemCode>8464024</ItemCode>
      <ItemType>0</ItemType>
      <ItemName>גולדסטאר פחית 500 מ"ל לט מסונן</ItemName>
      <ManufactureName>טמפו משקאות בעמ</ManufactureName>
      <ManufactureCountry />
      <ManufactureItemDescription />
      <UnitQty>י"ח</UnitQty>
      <Quantity>500</Quantity>
      <UnitMeasure>ל  מ"ל</UnitMeasure>
      <BisWeighted>0</BisWeighted>
      <QtyInPackage>1</QtyInPackage>
      <ItemPrice>9</ItemPrice>
      <UnitOfMeasurePrice>1.74</UnitOfMeasurePrice>
      <AllowDiscount>0</AllowDiscount>
      <itemStatus>1</itemStatus>
      <LastUpdateDate />
      <LastUpdateTime />
    </Product>
    <Product>
      <PriceUpdateDate>2015/01/01 14:38</PriceUpdateDate>
      <ItemCode>8464208</ItemCode>
      <ItemType>0</ItemType>
      <ItemName>מכבי  7.9% 330מ"ל בקבוק</ItemName>
      <ManufactureName>טמפו משקאות בעמ</ManufactureName>
      <ManufactureCountry />
      <ManufactureItemDescription />
      <UnitQty>י"ח</UnitQty>
      <Quantity>1.98</Quantity>
      <UnitMeasure>ליטר</UnitMeasure>
      <BisWeighted>0</BisWeighted>
      <QtyInPackage>1</QtyInPackage>
      <ItemPrice>7.30</ItemPrice>
      <UnitOfMeasurePrice>3.54</UnitOfMeasurePrice>
      <AllowDiscount>0</AllowDiscount>
      <itemStatus>1</itemStatus>
      <LastUpdateDate />
      <LastUpdateTime />
    </Product>
    <Product>
      <PriceUpdateDate>2018/07/08 10:07</PriceUpdateDate>
      <ItemCode>8464284</ItemCode>
      <ItemType>0</ItemType>
      <ItemName>פיקסי אפרסק 275מ"ל</ItemName>
      <ManufactureName>טמפו משקאות בעמ</ManufactureName>
      <ManufactureCountry />
      <ManufactureItemDescription />
      <UnitQty>י"ח</UnitQty>
      <Quantity>1.50</Quantity>
      <UnitMeasure>ליטר</UnitMeasure>
      <BisWeighted>0</BisWeighted>
      <QtyInPackage>1</QtyInPackage>
      <ItemPrice>5.20</ItemPrice>
      <UnitOfMeasurePrice>3.27</UnitOfMeasurePrice>
      <AllowDiscount>0</AllowDiscount>
      <itemStatus>1</itemStatus>
      <LastUpdateDate />
      <LastUpdateTime />
    </Product>
    <Product>
      <PriceUpdateDate>2018/12/14 11:34</PriceUpdateDate>
      <ItemCode>8464611</ItemCode>
      <ItemType>0</ItemType>
      <ItemName>סודה טמפו 275 מ"ל.</ItemName>
      <ManufactureName>טמפו משקאות בעמ</ManufactureName>
      <ManufactureCountry />
      <ManufactureItemDescription />
      <UnitQty>י"ח</UnitQty>
      <Quantity>275</Quantity>
      <UnitMeasure>ל  מ"ל</UnitMeasure>
      <BisWeighted>0</BisWeighted>
      <QtyInPackage>1</QtyInPackage>
      <ItemPrice>3.50</ItemPrice>
      <UnitOfMeasurePrice>1.16</UnitOfMeasurePrice>
      <AllowDiscount>1</AllowDiscount>
      <itemStatus>1</itemStatus>
      <LastUpdateDate />
      <LastUpdateTime />
    </Product>
    <Product>
      <PriceUpdateDate>2017/05/03 11:35</PriceUpdateDate>
      <ItemCode>8464703</ItemCode>
      <ItemType>0</ItemType>
      <ItemName>מכבי שישייה 330מ"ל בקבוק</ItemName>
      <ManufactureName>טמפו משקאות בעמ</ManufactureName>
      <ManufactureCountry />
      <ManufactureItemDescription />
      <UnitQty>י"ח</UnitQty>
      <Quantity>1.98</Quantity>
      <UnitMeasure>ליטר</UnitMeasure>
      <BisWeighted>0</BisWeighted>
      <QtyInPackage>1</QtyInPackage>
      <ItemPrice>35.70</ItemPrice>
      <UnitOfMeasurePrice>17.12</UnitOfMeasurePrice>
      <AllowDiscount>1</AllowDiscount>
      <itemStatus>1</itemStatus>
      <LastUpdateDate />
      <LastUpdateTime />
    </Product>
    <Product>
      <PriceUpdateDate>2018/11/15 13:07</PriceUpdateDate>
      <ItemCode>8464741</ItemCode>
      <ItemType>0</ItemType>
      <ItemName>גולדסטאטר  330 מייל שישייה.</ItemName>
      <ManufactureName>טמפו משקאות בעמ</ManufactureName>
      <ManufactureCountry />
      <ManufactureItemDescription />
      <UnitQty>י"ח</UnitQty>
      <Quantity>1980</Quantity>
      <UnitMeasure>ל  מ"ל</UnitMeasure>
      <BisWeighted>0</BisWeighted>
      <QtyInPackage>1</QtyInPackage>
      <ItemPrice>39.90</ItemPrice>
      <UnitOfMeasurePrice>1.92</UnitOfMeasurePrice>
      <AllowDiscount>1</AllowDiscount>
      <itemStatus>1</itemStatus>
      <LastUpdateDate />
      <LastUpdateTime />
    </Product>
    <Product>
      <PriceUpdateDate>2019/03/12 13:08</PriceUpdateDate>
      <ItemCode>8464857</ItemCode>
      <ItemType>0</ItemType>
      <ItemName>סודה אננס 1.5ליטר רביעייה.</ItemName>
      <ManufactureName>טמפו משקאות בעמ</ManufactureName>
      <ManufactureCountry />
      <ManufactureItemDescription />
      <UnitQty>י"ח</UnitQty>
      <Quantity>6</Quantity>
      <UnitMeasure>ליטר</UnitMeasure>
      <BisWeighted>0</BisWeighted>
      <QtyInPackage>1</QtyInPackage>
      <ItemPrice>14.90</ItemPrice>
      <UnitOfMeasurePrice>2.48</UnitOfMeasurePrice>
      <AllowDiscount>1</AllowDiscount>
      <itemStatus>1</itemStatus>
      <LastUpdateDate />
      <LastUpdateTime />
    </Product>
    <Product>
      <PriceUpdateDate>2018/08/24 12:04</PriceUpdateDate>
      <ItemCode>7290008464987</ItemCode>
      <ItemType>1</ItemType>
      <ItemName>סודה 1.5 ליטר שישיה</ItemName>
      <ManufactureName>טמפו משקאות בעמ</ManufactureName>
      <ManufactureCountry />
      <ManufactureItemDescription />
      <UnitQty>י"ח</UnitQty>
      <Quantity>9</Quantity>
      <UnitMeasure>ליטר</UnitMeasure>
      <BisWeighted>0</BisWeighted>
      <QtyInPackage>1</QtyInPackage>
      <ItemPrice>15.90</ItemPrice>
      <UnitOfMeasurePrice>1.77</UnitOfMeasurePrice>
      <AllowDiscount>0</AllowDiscount>
      <itemStatus>1</itemStatus>
      <LastUpdateDate />
      <LastUpdateTime />
    </Product>
    <Product>
      <PriceUpdateDate>2014/01/07 15:11</PriceUpdateDate>
      <ItemCode>8470766</ItemCode>
      <ItemType>0</ItemType>
      <ItemName>אורביט סטיקס פפרמינט שמינייה</ItemName>
      <ManufactureName>לפ מרס מולטיסיילס ישראל</ManufactureName>
      <ManufactureCountry />
      <ManufactureItemDescription />
      <UnitQty>י"ח</UnitQty>
      <Quantity>8</Quantity>
      <UnitMeasure>י"ח</UnitMeasure>
      <BisWeighted>0</BisWeighted>
      <QtyInPackage>1</QtyInPackage>
      <ItemPrice>15</ItemPrice>
      <UnitOfMeasurePrice>1.88</UnitOfMeasurePrice>
      <AllowDiscount>0</AllowDiscount>
      <itemStatus>1</itemStatus>
      <LastUpdateDate />
      <LastUpdateTime />
    </Product>
    <Product>
      <PriceUpdateDate>2013/06/04 17:39</PriceUpdateDate>
      <ItemCode>7290008493413</ItemCode>
      <ItemType>1</ItemType>
      <ItemName>פירורי גריסיני</ItemName>
      <ManufactureName>דיפלומט בעמ</ManufactureName>
      <ManufactureCountry />
      <ManufactureItemDescription />
      <UnitQty>י"ח</UnitQty>
      <Quantity>200</Quantity>
      <UnitMeasure>ל  גרם</UnitMeasure>
      <BisWeighted>0</BisWeighted>
      <QtyInPackage>1</QtyInPackage>
      <ItemPrice>6.10</ItemPrice>
      <UnitOfMeasurePrice>3.05</UnitOfMeasurePrice>
      <AllowDiscount>1</AllowDiscount>
      <itemStatus>1</itemStatus>
      <LastUpdateDate />
      <LastUpdateTime />
    </Product>
    <Product>
      <PriceUpdateDate>2015/03/02 09:35</PriceUpdateDate>
      <ItemCode>8493710</ItemCode>
      <ItemType>0</ItemType>
      <ItemName>פירורי גריסיני זהב 200ג</ItemName>
      <ManufactureName>דיפלומט בעמ</ManufactureName>
      <ManufactureCountry />
      <ManufactureItemDescription />
      <UnitQty>י"ח</UnitQty>
      <Quantity>200</Quantity>
      <UnitMeasure>ל  גרם</UnitMeasure>
      <BisWeighted>0</BisWeighted>
      <QtyInPackage>1</QtyInPackage>
      <ItemPrice>6.10</ItemPrice>
      <UnitOfMeasurePrice>3.05</UnitOfMeasurePrice>
      <AllowDiscount>1</AllowDiscount>
      <itemStatus>1</itemStatus>
      <LastUpdateDate />
      <LastUpdateTime />
    </Product>
    <Product>
      <PriceUpdateDate>2014/06/30 11:12</PriceUpdateDate>
      <ItemCode>7290008535212</ItemCode>
      <ItemType>1</ItemType>
      <ItemName>צ יפס בזיג זג</ItemName>
      <ManufactureName>קבוצת אוסם סחר-שות.מוגבלת</ManufactureName>
      <ManufactureCountry />
      <ManufactureItemDescription />
      <UnitQty>י"ח</UnitQty>
      <Quantity>800</Quantity>
      <UnitMeasure>ל  גרם</UnitMeasure>
      <BisWeighted>0</BisWeighted>
      <QtyInPackage>1</QtyInPackage>
      <ItemPrice>10.90</ItemPrice>
      <UnitOfMeasurePrice>1.36</UnitOfMeasurePrice>
      <AllowDiscount>0</AllowDiscount>
      <itemStatus>1</itemStatus>
      <LastUpdateDate />
      <LastUpdateTime />
    </Product>
    <Product>
      <PriceUpdateDate>2016/12/12 12:16</PriceUpdateDate>
      <ItemCode>7290008634663</ItemCode>
      <ItemType>1</ItemType>
      <ItemName>בקבוק גדול שלישיה</ItemName>
      <ManufactureName>אינטרסן (1996) בעמ</ManufactureName>
      <ManufactureCountry />
      <ManufactureItemDescription />
      <UnitQty>י"ח</UnitQty>
      <Quantity>1</Quantity>
      <UnitMeasure />
      <BisWeighted>0</BisWeighted>
      <QtyInPackage>1</QtyInPackage>
      <ItemPrice>15.90</ItemPrice>
      <UnitOfMeasurePrice>15.90</UnitOfMeasurePrice>
      <AllowDiscount>0</AllowDiscount>
      <itemStatus>1</itemStatus>
      <LastUpdateDate />
      <LastUpdateTime />
    </Product>
    <Product>
      <PriceUpdateDate>2015/02/23 09:13</PriceUpdateDate>
      <ItemCode>7290008636650</ItemCode>
      <ItemType>1</ItemType>
      <ItemName>קמח מצה 500גר.</ItemName>
      <ManufactureName>מיה תעשיות מזון מ.ת.מ בעמ</ManufactureName>
      <ManufactureCountry />
      <ManufactureItemDescription />
      <UnitQty>י"ח</UnitQty>
      <Quantity>500</Quantity>
      <UnitMeasure>ל  גרם</UnitMeasure>
      <BisWeighted>0</BisWeighted>
      <QtyInPackage>1</QtyInPackage>
      <ItemPrice>7.90</ItemPrice>
      <UnitOfMeasurePrice>1.58</UnitOfMeasurePrice>
      <AllowDiscount>0</AllowDiscount>
      <itemStatus>1</itemStatus>
      <LastUpdateDate />
      <LastUpdateTime />
    </Product>
    <Product>
      <PriceUpdateDate>2013/12/24 15:48</PriceUpdateDate>
      <ItemCode>7290008644112</ItemCode>
      <ItemType>1</ItemType>
      <ItemName>מטבוחה יום יום</ItemName>
      <ManufactureName>שטראוס גרופ ***בעמ</ManufactureName>
      <ManufactureCountry />
      <ManufactureItemDescription />
      <UnitQty>י"ח</UnitQty>
      <Quantity>125</Quantity>
      <UnitMeasure>ל  גרם</UnitMeasure>
      <BisWeighted>0</BisWeighted>
      <QtyInPackage>1</QtyInPackage>
      <ItemPrice>5</ItemPrice>
      <UnitOfMeasurePrice>4</UnitOfMeasurePrice>
      <AllowDiscount>0</AllowDiscount>
      <itemStatus>1</itemStatus>
      <LastUpdateDate />
      <LastUpdateTime />
    </Product>
    <Product>
      <PriceUpdateDate>2020/03/17 08:58</PriceUpdateDate>
      <ItemCode>7290008645935</ItemCode>
      <ItemType>1</ItemType>
      <ItemName>חומוס אחלה לניגוב 750 ג שטראוס</ItemName>
      <ManufactureName>שטראוס גרופ ***בעמ</ManufactureName>
      <ManufactureCountry />
      <ManufactureItemDescription />
      <UnitQty>י"ח</UnitQty>
      <Quantity>750</Quantity>
      <UnitMeasure>ל  גרם</UnitMeasure>
      <BisWeighted>0</BisWeighted>
      <QtyInPackage>1</QtyInPackage>
      <ItemPrice>12.90</ItemPrice>
      <UnitOfMeasurePrice>1.72</UnitOfMeasurePrice>
      <AllowDiscount>0</AllowDiscount>
      <itemStatus>1</itemStatus>
      <LastUpdateDate />
      <LastUpdateTime />
    </Product>
    <Product>
      <PriceUpdateDate>2018/11/27 10:01</PriceUpdateDate>
      <ItemCode>7290008690713</ItemCode>
      <ItemType>1</ItemType>
      <ItemName>אושן ספריי חמוציות 1ליטר</ItemName>
      <ManufactureName>חברה המרכזית להפצת משקאות בעמ</ManufactureName>
      <ManufactureCountry />
      <ManufactureItemDescription />
      <UnitQty>י"ח</UnitQty>
      <Quantity>1</Quantity>
      <UnitMeasure>ליטר</UnitMeasure>
      <BisWeighted>0</BisWeighted>
      <QtyInPackage>1</QtyInPackage>
      <ItemPrice>12.20</ItemPrice>
      <UnitOfMeasurePrice>12.20</UnitOfMeasurePrice>
      <AllowDiscount>0</AllowDiscount>
      <itemStatus>1</itemStatus>
      <LastUpdateDate />
      <LastUpdateTime />
    </Product>
    <Product>
      <PriceUpdateDate>2017/11/05 14:36</PriceUpdateDate>
      <ItemCode>7290008713016</ItemCode>
      <ItemType>1</ItemType>
      <ItemName>לחם שבעה דגנים קל 500גרם</ItemName>
      <ManufactureName>שלמה א.אנג ל בעמ</ManufactureName>
      <ManufactureCountry />
      <ManufactureItemDescription />
      <UnitQty>י"ח</UnitQty>
      <Quantity>500</Quantity>
      <UnitMeasure>ל  גרם</UnitMeasure>
      <BisWeighted>0</BisWeighted>
      <QtyInPackage>1</QtyInPackage>
      <ItemPrice>14.90</ItemPrice>
      <UnitOfMeasurePrice>2.98</UnitOfMeasurePrice>
      <AllowDiscount>0</AllowDiscount>
      <itemStatus>1</itemStatus>
      <LastUpdateDate />
      <LastUpdateTime />
    </Product>
    <Product>
      <PriceUpdateDate>2020/02/05 10:39</PriceUpdateDate>
      <ItemCode>7290008713900</ItemCode>
      <ItemType>1</ItemType>
      <ItemName>לחם רוסי שיפון עגול 750גר`</ItemName>
      <ManufactureName>שלמה א.אנג ל בעמ</ManufactureName>
      <ManufactureCountry />
      <ManufactureItemDescription />
      <UnitQty>י"ח</UnitQty>
      <Quantity>750</Quantity>
      <UnitMeasure>ל  גרם</UnitMeasure>
      <BisWeighted>0</BisWeighted>
      <QtyInPackage>1</QtyInPackage>
      <ItemPrice>11.50</ItemPrice>
      <UnitOfMeasurePrice>1.53</UnitOfMeasurePrice>
      <AllowDiscount>0</AllowDiscount>
      <itemStatus>1</itemStatus>
      <LastUpdateDate />
      <LastUpdateTime />
    </Product>
    <Product>
      <PriceUpdateDate>2020/02/05 10:39</PriceUpdateDate>
      <ItemCode>7290008713917</ItemCode>
      <ItemType>1</ItemType>
      <ItemName>לחם רוסי שיפון כהה 750גר`</ItemName>
      <ManufactureName>שלמה א.אנג ל בעמ</ManufactureName>
      <ManufactureCountry />
      <ManufactureItemDescription />
      <UnitQty>י"ח</UnitQty>
      <Quantity>750</Quantity>
      <UnitMeasure>ל  גרם</UnitMeasure>
      <BisWeighted>0</BisWeighted>
      <QtyInPackage>1</QtyInPackage>
      <ItemPrice>11.50</ItemPrice>
      <UnitOfMeasurePrice>1.53</UnitOfMeasurePrice>
      <AllowDiscount>0</AllowDiscount>
      <itemStatus>1</itemStatus>
      <LastUpdateDate />
      <LastUpdateTime />
    </Product>
    <Product>
      <PriceUpdateDate>2016/12/01 14:37</PriceUpdateDate>
      <ItemCode>8739955</ItemCode>
      <ItemType>0</ItemType>
      <ItemName>רחנים</ItemName>
      <ManufactureName>מוסקו בעמ</ManufactureName>
      <ManufactureCountry />
      <ManufactureItemDescription />
      <UnitQty>י"ח</UnitQty>
      <Quantity>1</Quantity>
      <UnitMeasure />
      <BisWeighted>0</BisWeighted>
      <QtyInPackage>1</QtyInPackage>
      <ItemPrice>11.90</ItemPrice>
      <UnitOfMeasurePrice>11.90</UnitOfMeasurePrice>
      <AllowDiscount>0</AllowDiscount>
      <itemStatus>1</itemStatus>
      <LastUpdateDate />
      <LastUpdateTime />
    </Product>
    <Product>
      <PriceUpdateDate>2019/01/13 12:52</PriceUpdateDate>
      <ItemCode>7290008745239</ItemCode>
      <ItemType>1</ItemType>
      <ItemName>תפוצ יפס אקסטרא 55 גרם</ItemName>
      <ManufactureName>שטראוס פריטו ליי בעמ</ManufactureName>
      <ManufactureCountry />
      <ManufactureItemDescription />
      <UnitQty>י"ח</UnitQty>
      <Quantity>55</Quantity>
      <UnitMeasure>ל  גרם</UnitMeasure>
      <BisWeighted>0</BisWeighted>
      <QtyInPackage>1</QtyInPackage>
      <ItemPrice>4.50</ItemPrice>
      <UnitOfMeasurePrice>8.18</UnitOfMeasurePrice>
      <AllowDiscount>0</AllowDiscount>
      <itemStatus>1</itemStatus>
      <LastUpdateDate />
      <LastUpdateTime />
    </Product>
    <Product>
      <PriceUpdateDate>2016/04/28 10:03</PriceUpdateDate>
      <ItemCode>7290008745345</ItemCode>
      <ItemType>1</ItemType>
      <ItemName>ממרח פרה מגדים 500</ItemName>
      <ManufactureName>שטראוס גרופ בעמ</ManufactureName>
      <ManufactureCountry />
      <ManufactureItemDescription />
      <UnitQty>י"ח</UnitQty>
      <Quantity>500</Quantity>
      <UnitMeasure>ל  גרם</UnitMeasure>
      <BisWeighted>0</BisWeighted>
      <QtyInPackage>1</QtyInPackage>
      <ItemPrice>11.90</ItemPrice>
      <UnitOfMeasurePrice>2.38</UnitOfMeasurePrice>
      <AllowDiscount>0</AllowDiscount>
      <itemStatus>1</itemStatus>
      <LastUpdateDate />
      <LastUpdateTime />
    </Product>
    <Product>
      <PriceUpdateDate>2015/12/31 13:12</PriceUpdateDate>
      <ItemCode>7290008747431</ItemCode>
      <ItemType>1</ItemType>
      <ItemName>שוקולד חלב בטעם תות</ItemName>
      <ManufactureName>שטראוס גרופ בעמ</ManufactureName>
      <ManufactureCountry />
      <ManufactureItemDescription />
      <UnitQty>י"ח</UnitQty>
      <Quantity>50</Quantity>
      <UnitMeasure>ל  גרם</UnitMeasure>
      <BisWeighted>0</BisWeighted>
      <QtyInPackage>1</QtyInPackage>
      <ItemPrice>3.90</ItemPrice>
      <UnitOfMeasurePrice>7.80</UnitOfMeasurePrice>
      <AllowDiscount>1</AllowDiscount>
      <itemStatus>1</itemStatus>
      <LastUpdateDate />
      <LastUpdateTime />
    </Product>
    <Product>
      <PriceUpdateDate>2018/08/07 13:01</PriceUpdateDate>
      <ItemCode>7290008748384</ItemCode>
      <ItemType>1</ItemType>
      <ItemName>שוקולד ספלנדיד</ItemName>
      <ManufactureName>שטראוס גרופ בעמ</ManufactureName>
      <ManufactureCountry />
      <ManufactureItemDescription />
      <UnitQty>י"ח</UnitQty>
      <Quantity>100</Quantity>
      <UnitMeasure>ל  גרם</UnitMeasure>
      <BisWeighted>0</BisWeighted>
      <QtyInPackage>1</QtyInPackage>
      <ItemPrice>11.90</ItemPrice>
      <UnitOfMeasurePrice>11.90</UnitOfMeasurePrice>
      <AllowDiscount>0</AllowDiscount>
      <itemStatus>1</itemStatus>
      <LastUpdateDate />
      <LastUpdateTime />
    </Product>
    <Product>
      <PriceUpdateDate>2015/03/02 16:30</PriceUpdateDate>
      <ItemCode>7290008749152</ItemCode>
      <ItemType>1</ItemType>
      <ItemName>בפלות 1.250ק"ג</ItemName>
      <ManufactureName>שטראוס גרופ בעמ</ManufactureName>
      <ManufactureCountry />
      <ManufactureItemDescription />
      <UnitQty>י"ח</UnitQty>
      <Quantity>1.25</Quantity>
      <UnitMeasure>ק"ג</UnitMeasure>
      <BisWeighted>0</BisWeighted>
      <QtyInPackage>1</QtyInPackage>
      <ItemPrice>23.90</ItemPrice>
      <UnitOfMeasurePrice>19.12</UnitOfMeasurePrice>
      <AllowDiscount>0</AllowDiscount>
      <itemStatus>1</itemStatus>
      <LastUpdateDate />
      <LastUpdateTime />
    </Product>
    <Product>
      <PriceUpdateDate>2018/07/01 15:40</PriceUpdateDate>
      <ItemCode>7290008749954</ItemCode>
      <ItemType>1</ItemType>
      <ItemName>טוב טעם 20 יח  מגדים</ItemName>
      <ManufactureName>שטראוס גרופ בעמ</ManufactureName>
      <ManufactureCountry />
      <ManufactureItemDescription />
      <UnitQty>י"ח</UnitQty>
      <Quantity>600</Quantity>
      <UnitMeasure>ל  גרם</UnitMeasure>
      <BisWeighted>0</BisWeighted>
      <QtyInPackage>1</QtyInPackage>
      <ItemPrice>21.90</ItemPrice>
      <UnitOfMeasurePrice>3.65</UnitOfMeasurePrice>
      <AllowDiscount>0</AllowDiscount>
      <itemStatus>1</itemStatus>
      <LastUpdateDate />
      <LastUpdateTime />
    </Product>
    <Product>
      <PriceUpdateDate>2019/04/16 16:58</PriceUpdateDate>
      <ItemCode>7290008750400</ItemCode>
      <ItemType>1</ItemType>
      <ItemName>פרה לבן עם עוגיות</ItemName>
      <ManufactureName>שטראוס גרופ בעמ</ManufactureName>
      <ManufactureCountry />
      <ManufactureItemDescription />
      <UnitQty>י"ח</UnitQty>
      <Quantity>100</Quantity>
      <UnitMeasure>ל  גרם</UnitMeasure>
      <BisWeighted>0</BisWeighted>
      <QtyInPackage>1</QtyInPackage>
      <ItemPrice>5.90</ItemPrice>
      <UnitOfMeasurePrice>5.90</UnitOfMeasurePrice>
      <AllowDiscount>1</AllowDiscount>
      <itemStatus>1</itemStatus>
      <LastUpdateDate />
      <LastUpdateTime />
    </Product>
    <Product>
      <PriceUpdateDate>2019/04/16 16:58</PriceUpdateDate>
      <ItemCode>7290008750677</ItemCode>
      <ItemType>1</ItemType>
      <ItemName>פרה במילוי תות מגדים</ItemName>
      <ManufactureName>שטראוס גרופ בעמ</ManufactureName>
      <ManufactureCountry />
      <ManufactureItemDescription />
      <UnitQty>י"ח</UnitQty>
      <Quantity>100</Quantity>
      <UnitMeasure>ל  גרם</UnitMeasure>
      <BisWeighted>0</BisWeighted>
      <QtyInPackage>1</QtyInPackage>
      <ItemPrice>5.90</ItemPrice>
      <UnitOfMeasurePrice>5.90</UnitOfMeasurePrice>
      <AllowDiscount>1</AllowDiscount>
      <itemStatus>1</itemStatus>
      <LastUpdateDate />
      <LastUpdateTime />
    </Product>
    <Product>
      <PriceUpdateDate>2019/01/13 12:52</PriceUpdateDate>
      <ItemCode>7290008752244</ItemCode>
      <ItemType>1</ItemType>
      <ItemName>תפו ציפס גריל 50 גרם</ItemName>
      <ManufactureName>שטראוס פריטו ליי בעמ</ManufactureName>
      <ManufactureCountry />
      <ManufactureItemDescription />
      <UnitQty>י"ח</UnitQty>
      <Quantity>50</Quantity>
      <UnitMeasure>ל  גרם</UnitMeasure>
      <BisWeighted>0</BisWeighted>
      <QtyInPackage>1</QtyInPackage>
      <ItemPrice>4.50</ItemPrice>
      <UnitOfMeasurePrice>9</UnitOfMeasurePrice>
      <AllowDiscount>0</AllowDiscount>
      <itemStatus>1</itemStatus>
      <LastUpdateDate />
      <LastUpdateTime />
    </Product>
    <Product>
      <PriceUpdateDate>2013/06/04 15:03</PriceUpdateDate>
      <ItemCode>7290008753876</ItemCode>
      <ItemType>1</ItemType>
      <ItemName>וופל פירורים גבינה</ItemName>
      <ManufactureName>שטראוס גרופ בעמ</ManufactureName>
      <ManufactureCountry />
      <ManufactureItemDescription />
      <UnitQty>י"ח</UnitQty>
      <Quantity>350</Quantity>
      <UnitMeasure>ל  גרם</UnitMeasure>
      <BisWeighted>0</BisWeighted>
      <QtyInPackage>1</QtyInPackage>
      <ItemPrice>15.50</ItemPrice>
      <UnitOfMeasurePrice>4.43</UnitOfMeasurePrice>
      <AllowDiscount>0</AllowDiscount>
      <itemStatus>1</itemStatus>
      <LastUpdateDate />
      <LastUpdateTime />
    </Product>
    <Product>
      <PriceUpdateDate>2015/12/13 16:55</PriceUpdateDate>
      <ItemCode>7290008753883</ItemCode>
      <ItemType>1</ItemType>
      <ItemName>וופל בטעם טרפלס שוקולד</ItemName>
      <ManufactureName>שטראוס גרופ בעמ</ManufactureName>
      <ManufactureCountry />
      <ManufactureItemDescription />
      <UnitQty>י"ח</UnitQty>
      <Quantity>350</Quantity>
      <UnitMeasure>ל  גרם</UnitMeasure>
      <BisWeighted>0</BisWeighted>
      <QtyInPackage>1</QtyInPackage>
      <ItemPrice>15.50</ItemPrice>
      <UnitOfMeasurePrice>4.43</UnitOfMeasurePrice>
      <AllowDiscount>0</AllowDiscount>
      <itemStatus>1</itemStatus>
      <LastUpdateDate />
      <LastUpdateTime />
    </Product>
    <Product>
      <PriceUpdateDate>2019/04/16 16:58</PriceUpdateDate>
      <ItemCode>7290008753982</ItemCode>
      <ItemType>1</ItemType>
      <ItemName>שוקולד אוורירי חלב</ItemName>
      <ManufactureName>שטראוס גרופ בעמ</ManufactureName>
      <ManufactureCountry />
      <ManufactureItemDescription />
      <UnitQty>י"ח</UnitQty>
      <Quantity>100</Quantity>
      <UnitMeasure>ל  גרם</UnitMeasure>
      <BisWeighted>0</BisWeighted>
      <QtyInPackage>1</QtyInPackage>
      <ItemPrice>5.90</ItemPrice>
      <UnitOfMeasurePrice>5.90</UnitOfMeasurePrice>
      <AllowDiscount>1</AllowDiscount>
      <itemStatus>1</itemStatus>
      <LastUpdateDate />
      <LastUpdateTime />
    </Product>
    <Product>
      <PriceUpdateDate>2018/07/16 13:39</PriceUpdateDate>
      <ItemCode>7290008754415</ItemCode>
      <ItemType>1</ItemType>
      <ItemName>מאסט ספירמינט ללא סוכר 28גר כשל"פ</ItemName>
      <ManufactureName>שטראוס גרופ בעמ</ManufactureName>
      <ManufactureCountry />
      <ManufactureItemDescription />
      <UnitQty>י"ח</UnitQty>
      <Quantity>28</Quantity>
      <UnitMeasure>ל  גרם</UnitMeasure>
      <BisWeighted>0</BisWeighted>
      <QtyInPackage>1</QtyInPackage>
      <ItemPrice>4.50</ItemPrice>
      <UnitOfMeasurePrice>16.07</UnitOfMeasurePrice>
      <AllowDiscount>0</AllowDiscount>
      <itemStatus>1</itemStatus>
      <LastUpdateDate />
      <LastUpdateTime />
    </Product>
    <Product>
      <PriceUpdateDate>2018/10/30 11:03</PriceUpdateDate>
      <ItemCode>7290008757980</ItemCode>
      <ItemType>1</ItemType>
      <ItemName>ספרינג רימונים קרטונית</ItemName>
      <ManufactureName>יפאורה שותפות מוגבלת לשיווק</ManufactureName>
      <ManufactureCountry />
      <ManufactureItemDescription />
      <UnitQty>י"ח</UnitQty>
      <Quantity>1</Quantity>
      <UnitMeasure>ליטר</UnitMeasure>
      <BisWeighted>0</BisWeighted>
      <QtyInPackage>1</QtyInPackage>
      <ItemPrice>5.40</ItemPrice>
      <UnitOfMeasurePrice>5.40</UnitOfMeasurePrice>
      <AllowDiscount>1</AllowDiscount>
      <itemStatus>1</itemStatus>
      <LastUpdateDate />
      <LastUpdateTime />
    </Product>
    <Product>
      <PriceUpdateDate>2014/05/04 17:22</PriceUpdateDate>
      <ItemCode>7290008775816</ItemCode>
      <ItemType>1</ItemType>
      <ItemName>ערגליות שוקו 300 גרם</ItemName>
      <ManufactureName>קבוצת אוסם סחר-שות.מוגבלת</ManufactureName>
      <ManufactureCountry />
      <ManufactureItemDescription />
      <UnitQty>י"ח</UnitQty>
      <Quantity>300</Quantity>
      <UnitMeasure>ל  גרם</UnitMeasure>
      <BisWeighted>0</BisWeighted>
      <QtyInPackage>1</QtyInPackage>
      <ItemPrice>10.40</ItemPrice>
      <UnitOfMeasurePrice>3.47</UnitOfMeasurePrice>
      <AllowDiscount>0</AllowDiscount>
      <itemStatus>1</itemStatus>
      <LastUpdateDate />
      <LastUpdateTime />
    </Product>
    <Product>
      <PriceUpdateDate>2014/05/04 17:22</PriceUpdateDate>
      <ItemCode>7290008775823</ItemCode>
      <ItemType>1</ItemType>
      <ItemName>ערגליות תות שדה 300 גרם</ItemName>
      <ManufactureName>קבוצת אוסם סחר-שות.מוגבלת</ManufactureName>
      <ManufactureCountry />
      <ManufactureItemDescription />
      <UnitQty>י"ח</UnitQty>
      <Quantity>300</Quantity>
      <UnitMeasure>ל  גרם</UnitMeasure>
      <BisWeighted>0</BisWeighted>
      <QtyInPackage>1</QtyInPackage>
      <ItemPrice>10.40</ItemPrice>
      <UnitOfMeasurePrice>3.47</UnitOfMeasurePrice>
      <AllowDiscount>0</AllowDiscount>
      <itemStatus>1</itemStatus>
      <LastUpdateDate />
      <LastUpdateTime />
    </Product>
    <Product>
      <PriceUpdateDate>2014/01/08 13:03</PriceUpdateDate>
      <ItemCode>7290008792233</ItemCode>
      <ItemType>1</ItemType>
      <ItemName>נייר טואלט 40 יח  טאצ</ItemName>
      <ManufactureName>שניב תעשיות נייר בעמ</ManufactureName>
      <ManufactureCountry />
      <ManufactureItemDescription />
      <UnitQty>י"ח</UnitQty>
      <Quantity>2461</Quantity>
      <UnitMeasure>ל  גרם</UnitMeasure>
      <BisWeighted>0</BisWeighted>
      <QtyInPackage>1</QtyInPackage>
      <ItemPrice>30</ItemPrice>
      <UnitOfMeasurePrice>1.22</UnitOfMeasurePrice>
      <AllowDiscount>1</AllowDiscount>
      <itemStatus>1</itemStatus>
      <LastUpdateDate />
      <LastUpdateTime />
    </Product>
    <Product>
      <PriceUpdateDate>2019/06/23 09:30</PriceUpdateDate>
      <ItemCode>8801522</ItemCode>
      <ItemType>0</ItemType>
      <ItemName>K.D קונקורד</ItemName>
      <ManufactureName>אגודת הכורמים -כרמל מזרחי</ManufactureName>
      <ManufactureCountry />
      <ManufactureItemDescription />
      <UnitQty>י"ח</UnitQty>
      <Quantity>750</Quantity>
      <UnitMeasure>ל  מ"ל</UnitMeasure>
      <BisWeighted>0</BisWeighted>
      <QtyInPackage>1</QtyInPackage>
      <ItemPrice>20.90</ItemPrice>
      <UnitOfMeasurePrice>2.75</UnitOfMeasurePrice>
      <AllowDiscount>1</AllowDiscount>
      <itemStatus>1</itemStatus>
      <LastUpdateDate />
      <LastUpdateTime />
    </Product>
    <Product>
      <PriceUpdateDate>2019/06/23 09:30</PriceUpdateDate>
      <ItemCode>8801546</ItemCode>
      <ItemType>0</ItemType>
      <ItemName>K.D מוסקט כרמל 0.75 ל</ItemName>
      <ManufactureName>אגודת הכורמים -כרמל מזרחי</ManufactureName>
      <ManufactureCountry />
      <ManufactureItemDescription />
      <UnitQty>י"ח</UnitQty>
      <Quantity>750</Quantity>
      <UnitMeasure>ל  מ"ל</UnitMeasure>
      <BisWeighted>0</BisWeighted>
      <QtyInPackage>1</QtyInPackage>
      <ItemPrice>20.90</ItemPrice>
      <UnitOfMeasurePrice>2.75</UnitOfMeasurePrice>
      <AllowDiscount>1</AllowDiscount>
      <itemStatus>1</itemStatus>
      <LastUpdateDate />
      <LastUpdateTime />
    </Product>
    <Product>
      <PriceUpdateDate>2017/03/29 16:33</PriceUpdateDate>
      <ItemCode>8801843</ItemCode>
      <ItemType>0</ItemType>
      <ItemName>סלקטד קברנה  סובניון 0.75</ItemName>
      <ManufactureName>אגודת הכורמים -כרמל מזרחי</ManufactureName>
      <ManufactureCountry />
      <ManufactureItemDescription />
      <UnitQty>י"ח</UnitQty>
      <Quantity>750</Quantity>
      <UnitMeasure>ל  מ"ל</UnitMeasure>
      <BisWeighted>0</BisWeighted>
      <QtyInPackage>1</QtyInPackage>
      <ItemPrice>27</ItemPrice>
      <UnitOfMeasurePrice>3.56</UnitOfMeasurePrice>
      <AllowDiscount>1</AllowDiscount>
      <itemStatus>1</itemStatus>
      <LastUpdateDate />
      <LastUpdateTime />
    </Product>
    <Product>
      <PriceUpdateDate>2015/04/12 07:44</PriceUpdateDate>
      <ItemCode>8801850</ItemCode>
      <ItemType>0</ItemType>
      <ItemName>סלקטד ריזלינג 0.75 ל</ItemName>
      <ManufactureName>אגודת הכורמים -כרמל מזרחי</ManufactureName>
      <ManufactureCountry />
      <ManufactureItemDescription />
      <UnitQty>י"ח</UnitQty>
      <Quantity>750</Quantity>
      <UnitMeasure>ל  מ"ל</UnitMeasure>
      <BisWeighted>0</BisWeighted>
      <QtyInPackage>1</QtyInPackage>
      <ItemPrice>27</ItemPrice>
      <UnitOfMeasurePrice>3.56</UnitOfMeasurePrice>
      <AllowDiscount>1</AllowDiscount>
      <itemStatus>1</itemStatus>
      <LastUpdateDate />
      <LastUpdateTime />
    </Product>
    <Product>
      <PriceUpdateDate>2018/12/05 13:16</PriceUpdateDate>
      <ItemCode>8802291</ItemCode>
      <ItemType>0</ItemType>
      <ItemName>PC מרלו פ.קולקשיין 750מ"ל</ItemName>
      <ManufactureName>אגודת הכורמים -כרמל מזרחי</ManufactureName>
      <ManufactureCountry />
      <ManufactureItemDescription />
      <UnitQty>י"ח</UnitQty>
      <Quantity>750</Quantity>
      <UnitMeasure>ל  מ"ל</UnitMeasure>
      <BisWeighted>0</BisWeighted>
      <QtyInPackage>1</QtyInPackage>
      <ItemPrice>36.90</ItemPrice>
      <UnitOfMeasurePrice>4.88</UnitOfMeasurePrice>
      <AllowDiscount>1</AllowDiscount>
      <itemStatus>1</itemStatus>
      <LastUpdateDate />
      <LastUpdateTime />
    </Product>
    <Product>
      <PriceUpdateDate>2018/08/07 12:45</PriceUpdateDate>
      <ItemCode>8802512</ItemCode>
      <ItemType>0</ItemType>
      <ItemName>VINO אדום כרמל 750</ItemName>
      <ManufactureName>אגודת הכורמים -כרמל מזרחי</ManufactureName>
      <ManufactureCountry />
      <ManufactureItemDescription />
      <UnitQty>י"ח</UnitQty>
      <Quantity>750</Quantity>
      <UnitMeasure>ל  מ"ל</UnitMeasure>
      <BisWeighted>0</BisWeighted>
      <QtyInPackage>1</QtyInPackage>
      <ItemPrice>21</ItemPrice>
      <UnitOfMeasurePrice>2.76</UnitOfMeasurePrice>
      <AllowDiscount>0</AllowDiscount>
      <itemStatus>1</itemStatus>
      <LastUpdateDate />
      <LastUpdateTime />
    </Product>
    <Product>
      <PriceUpdateDate>2017/10/15 10:38</PriceUpdateDate>
      <ItemCode>8804189</ItemCode>
      <ItemType>0</ItemType>
      <ItemName>הסדרה אזורית  קברנה סובניון 750מ"ל</ItemName>
      <ManufactureName>אגודת הכורמים -כרמל מזרחי</ManufactureName>
      <ManufactureCountry />
      <ManufactureItemDescription />
      <UnitQty>י"ח</UnitQty>
      <Quantity>750</Quantity>
      <UnitMeasure>ל  מ"ל</UnitMeasure>
      <BisWeighted>0</BisWeighted>
      <QtyInPackage>1</QtyInPackage>
      <ItemPrice>59.90</ItemPrice>
      <UnitOfMeasurePrice>7.95</UnitOfMeasurePrice>
      <AllowDiscount>1</AllowDiscount>
      <itemStatus>1</itemStatus>
      <LastUpdateDate />
      <LastUpdateTime />
    </Product>
    <Product>
      <PriceUpdateDate>2018/12/05 13:16</PriceUpdateDate>
      <ItemCode>8804332</ItemCode>
      <ItemType>0</ItemType>
      <ItemName>PC  שיראז 750מ"ל</ItemName>
      <ManufactureName>אגודת הכורמים -כרמל מזרחי</ManufactureName>
      <ManufactureCountry />
      <ManufactureItemDescription />
      <UnitQty>י"ח</UnitQty>
      <Quantity>750</Quantity>
      <UnitMeasure>ל  מ"ל</UnitMeasure>
      <BisWeighted>0</BisWeighted>
      <QtyInPackage>1</QtyInPackage>
      <ItemPrice>36.90</ItemPrice>
      <UnitOfMeasurePrice>4.88</UnitOfMeasurePrice>
      <AllowDiscount>1</AllowDiscount>
      <itemStatus>1</itemStatus>
      <LastUpdateDate />
      <LastUpdateTime />
    </Product>
    <Product>
      <PriceUpdateDate>2017/03/29 16:36</PriceUpdateDate>
      <ItemCode>8805384</ItemCode>
      <ItemType>0</ItemType>
      <ItemName>.יין מוסקטו   סלקטד 750מ"ל</ItemName>
      <ManufactureName>אגודת הכורמים -כרמל מזרחי</ManufactureName>
      <ManufactureCountry />
      <ManufactureItemDescription />
      <UnitQty>י"ח</UnitQty>
      <Quantity>750</Quantity>
      <UnitMeasure>ל  מ"ל</UnitMeasure>
      <BisWeighted>0</BisWeighted>
      <QtyInPackage>1</QtyInPackage>
      <ItemPrice>27</ItemPrice>
      <UnitOfMeasurePrice>3.56</UnitOfMeasurePrice>
      <AllowDiscount>1</AllowDiscount>
      <itemStatus>1</itemStatus>
      <LastUpdateDate />
      <LastUpdateTime />
    </Product>
    <Product>
      <PriceUpdateDate>2017/03/29 16:33</PriceUpdateDate>
      <ItemCode>8805520</ItemCode>
      <ItemType>0</ItemType>
      <ItemName>סלקטד קברנה מרלו  0.75 ל</ItemName>
      <ManufactureName>אגודת הכורמים -כרמל מזרחי</ManufactureName>
      <ManufactureCountry />
      <ManufactureItemDescription />
      <UnitQty>י"ח</UnitQty>
      <Quantity>750</Quantity>
      <UnitMeasure>ל  מ"ל</UnitMeasure>
      <BisWeighted>0</BisWeighted>
      <QtyInPackage>1</QtyInPackage>
      <ItemPrice>27</ItemPrice>
      <UnitOfMeasurePrice>3.56</UnitOfMeasurePrice>
      <AllowDiscount>1</AllowDiscount>
      <itemStatus>1</itemStatus>
      <LastUpdateDate />
      <LastUpdateTime />
    </Product>
    <Product>
      <PriceUpdateDate>2020/03/29 15:12</PriceUpdateDate>
      <ItemCode>8835992</ItemCode>
      <ItemType>0</ItemType>
      <ItemName>פילה נסיכת הנילוס פרוס</ItemName>
      <ManufactureName>בלדי בעמ</ManufactureName>
      <ManufactureCountry />
      <ManufactureItemDescription />
      <UnitQty>ק"ג</UnitQty>
      <Quantity>1</Quantity>
      <UnitMeasure>ק"ג</UnitMeasure>
      <BisWeighted>1</BisWeighted>
      <QtyInPackage>1</QtyInPackage>
      <ItemPrice>59.90</ItemPrice>
      <UnitOfMeasurePrice>59.90</UnitOfMeasurePrice>
      <AllowDiscount>1</AllowDiscount>
      <itemStatus>1</itemStatus>
      <LastUpdateDate />
      <LastUpdateTime />
    </Product>
    <Product>
      <PriceUpdateDate>2018/01/10 10:46</PriceUpdateDate>
      <ItemCode>7290008849609</ItemCode>
      <ItemType>1</ItemType>
      <ItemName>רוטב כרעיים עוף</ItemName>
      <ManufactureName>גורי מוצרי צריכה בעמ</ManufactureName>
      <ManufactureCountry />
      <ManufactureItemDescription />
      <UnitQty>י"ח</UnitQty>
      <Quantity>275</Quantity>
      <UnitMeasure>ל  מ"ל</UnitMeasure>
      <BisWeighted>0</BisWeighted>
      <QtyInPackage>1</QtyInPackage>
      <ItemPrice>13.90</ItemPrice>
      <UnitOfMeasurePrice>5.05</UnitOfMeasurePrice>
      <AllowDiscount>1</AllowDiscount>
      <itemStatus>1</itemStatus>
      <LastUpdateDate />
      <LastUpdateTime />
    </Product>
    <Product>
      <PriceUpdateDate>2020/01/02 12:29</PriceUpdateDate>
      <ItemCode>8849715</ItemCode>
      <ItemType>0</ItemType>
      <ItemName>אוליביה רצועות עגב. מיובשות ושום</ItemName>
      <ManufactureName>תנובה בעמ ***</ManufactureName>
      <ManufactureCountry />
      <ManufactureItemDescription />
      <UnitQty>י"ח</UnitQty>
      <Quantity>180</Quantity>
      <UnitMeasure>ל  גרם</UnitMeasure>
      <BisWeighted>0</BisWeighted>
      <QtyInPackage>1</QtyInPackage>
      <ItemPrice>11.90</ItemPrice>
      <UnitOfMeasurePrice>6.61</UnitOfMeasurePrice>
      <AllowDiscount>0</AllowDiscount>
      <itemStatus>1</itemStatus>
      <LastUpdateDate />
      <LastUpdateTime />
    </Product>
    <Product>
      <PriceUpdateDate>2018/01/10 10:46</PriceUpdateDate>
      <ItemCode>7290008849753</ItemCode>
      <ItemType>1</ItemType>
      <ItemName>רוטב טריאקי עשיר</ItemName>
      <ManufactureName>גורי מוצרי צריכה בעמ</ManufactureName>
      <ManufactureCountry />
      <ManufactureItemDescription />
      <UnitQty>י"ח</UnitQty>
      <Quantity>300</Quantity>
      <UnitMeasure>ל  מ"ל</UnitMeasure>
      <BisWeighted>0</BisWeighted>
      <QtyInPackage>1</QtyInPackage>
      <ItemPrice>13.90</ItemPrice>
      <UnitOfMeasurePrice>4.63</UnitOfMeasurePrice>
      <AllowDiscount>0</AllowDiscount>
      <itemStatus>1</itemStatus>
      <LastUpdateDate />
      <LastUpdateTime />
    </Product>
    <Product>
      <PriceUpdateDate>2012/12/16 10:04</PriceUpdateDate>
      <ItemCode>8899413</ItemCode>
      <ItemType>0</ItemType>
      <ItemName>לחמניה בודד</ItemName>
      <ManufactureName>ג נרל מילס ישראל בעמ ~~~</ManufactureName>
      <ManufactureCountry />
      <ManufactureItemDescription />
      <UnitQty>י"ח</UnitQty>
      <Quantity>40</Quantity>
      <UnitMeasure>ל  גרם</UnitMeasure>
      <BisWeighted>0</BisWeighted>
      <QtyInPackage>1</QtyInPackage>
      <ItemPrice>1.60</ItemPrice>
      <UnitOfMeasurePrice>4</UnitOfMeasurePrice>
      <AllowDiscount>0</AllowDiscount>
      <itemStatus>1</itemStatus>
      <LastUpdateDate />
      <LastUpdateTime />
    </Product>
    <Product>
      <PriceUpdateDate>2018/11/27 10:01</PriceUpdateDate>
      <ItemCode>7290008909167</ItemCode>
      <ItemType>1</ItemType>
      <ItemName>פריגת 1.5 ליטר ענבים</ItemName>
      <ManufactureName>חברה המרכזית להפצת משקאות בעמ</ManufactureName>
      <ManufactureCountry />
      <ManufactureItemDescription />
      <UnitQty>י"ח</UnitQty>
      <Quantity>1.50</Quantity>
      <UnitMeasure>ליטר</UnitMeasure>
      <BisWeighted>0</BisWeighted>
      <QtyInPackage>1</QtyInPackage>
      <ItemPrice>6.90</ItemPrice>
      <UnitOfMeasurePrice>4.60</UnitOfMeasurePrice>
      <AllowDiscount>1</AllowDiscount>
      <itemStatus>1</itemStatus>
      <LastUpdateDate />
      <LastUpdateTime />
    </Product>
    <Product>
      <PriceUpdateDate>2018/11/27 10:01</PriceUpdateDate>
      <ItemCode>7290008909440</ItemCode>
      <ItemType>1</ItemType>
      <ItemName>פאנטה אורנג  מנגו 1.5 ל</ItemName>
      <ManufactureName>חברה המרכזית להפצת משקאות בעמ</ManufactureName>
      <ManufactureCountry />
      <ManufactureItemDescription />
      <UnitQty>י"ח</UnitQty>
      <Quantity>1.50</Quantity>
      <UnitMeasure>ליטר</UnitMeasure>
      <BisWeighted>0</BisWeighted>
      <QtyInPackage>1</QtyInPackage>
      <ItemPrice>7</ItemPrice>
      <UnitOfMeasurePrice>4.67</UnitOfMeasurePrice>
      <AllowDiscount>0</AllowDiscount>
      <itemStatus>1</itemStatus>
      <LastUpdateDate />
      <LastUpdateTime />
    </Product>
    <Product>
      <PriceUpdateDate>2018/03/19 09:17</PriceUpdateDate>
      <ItemCode>7290008909723</ItemCode>
      <ItemType>1</ItemType>
      <ItemName>טובורג רד שישיה מהדורה חדשה</ItemName>
      <ManufactureName>חברה המרכזית להפצת משקאות בעמ</ManufactureName>
      <ManufactureCountry />
      <ManufactureItemDescription />
      <UnitQty>י"ח</UnitQty>
      <Quantity>1.98</Quantity>
      <UnitMeasure>ליטר</UnitMeasure>
      <BisWeighted>0</BisWeighted>
      <QtyInPackage>1</QtyInPackage>
      <ItemPrice>36.70</ItemPrice>
      <UnitOfMeasurePrice>17.63</UnitOfMeasurePrice>
      <AllowDiscount>1</AllowDiscount>
      <itemStatus>1</itemStatus>
      <LastUpdateDate />
      <LastUpdateTime />
    </Product>
    <Product>
      <PriceUpdateDate>2017/09/28 11:46</PriceUpdateDate>
      <ItemCode>7290008909853</ItemCode>
      <ItemType>1</ItemType>
      <ItemName>קוקה קולה ZIRO 0.5 ל</ItemName>
      <ManufactureName>חברה המרכזית להפצת משקאות בעמ</ManufactureName>
      <ManufactureCountry />
      <ManufactureItemDescription />
      <UnitQty>י"ח</UnitQty>
      <Quantity>500</Quantity>
      <UnitMeasure>ל  מ"ל</UnitMeasure>
      <BisWeighted>0</BisWeighted>
      <QtyInPackage>1</QtyInPackage>
      <ItemPrice>5.80</ItemPrice>
      <UnitOfMeasurePrice>1.10</UnitOfMeasurePrice>
      <AllowDiscount>0</AllowDiscount>
      <itemStatus>1</itemStatus>
      <LastUpdateDate />
      <LastUpdateTime />
    </Product>
    <Product>
      <PriceUpdateDate>2018/11/27 10:01</PriceUpdateDate>
      <ItemCode>7290008909860</ItemCode>
      <ItemType>1</ItemType>
      <ItemName>קוקה קולה ZIRO 1.5 ל</ItemName>
      <ManufactureName>חברה המרכזית להפצת משקאות בעמ</ManufactureName>
      <ManufactureCountry />
      <ManufactureItemDescription />
      <UnitQty>י"ח</UnitQty>
      <Quantity>1.50</Quantity>
      <UnitMeasure>ליטר</UnitMeasure>
      <BisWeighted>0</BisWeighted>
      <QtyInPackage>1</QtyInPackage>
      <ItemPrice>7</ItemPrice>
      <UnitOfMeasurePrice>4.67</UnitOfMeasurePrice>
      <AllowDiscount>0</AllowDiscount>
      <itemStatus>1</itemStatus>
      <LastUpdateDate />
      <LastUpdateTime />
    </Product>
    <Product>
      <PriceUpdateDate>2018/06/01 10:12</PriceUpdateDate>
      <ItemCode>7290008975780</ItemCode>
      <ItemType>1</ItemType>
      <ItemName>בונזו גזע קטן  3 ק"ג</ItemName>
      <ManufactureName>דיפלומט בעמ</ManufactureName>
      <ManufactureCountry />
      <ManufactureItemDescription />
      <UnitQty>י"ח</UnitQty>
      <Quantity>3</Quantity>
      <UnitMeasure>ק"ג</UnitMeasure>
      <BisWeighted>0</BisWeighted>
      <QtyInPackage>1</QtyInPackage>
      <ItemPrice>44.90</ItemPrice>
      <UnitOfMeasurePrice>14.97</UnitOfMeasurePrice>
      <AllowDiscount>0</AllowDiscount>
      <itemStatus>1</itemStatus>
      <LastUpdateDate />
      <LastUpdateTime />
    </Product>
    <Product>
      <PriceUpdateDate>2015/01/11 08:54</PriceUpdateDate>
      <ItemCode>7290008989169</ItemCode>
      <ItemType>1</ItemType>
      <ItemName>אורז תפוח</ItemName>
      <ManufactureName>בטר אנד דיפרנט בעמ</ManufactureName>
      <ManufactureCountry />
      <ManufactureItemDescription />
      <UnitQty>י"ח</UnitQty>
      <Quantity>500</Quantity>
      <UnitMeasure>ל  גרם</UnitMeasure>
      <BisWeighted>0</BisWeighted>
      <QtyInPackage>1</QtyInPackage>
      <ItemPrice>16.90</ItemPrice>
      <UnitOfMeasurePrice>3.38</UnitOfMeasurePrice>
      <AllowDiscount>0</AllowDiscount>
      <itemStatus>1</itemStatus>
      <LastUpdateDate />
      <LastUpdateTime />
    </Product>
    <Product>
      <PriceUpdateDate>2014/01/06 14:49</PriceUpdateDate>
      <ItemCode>8989695</ItemCode>
      <ItemType>0</ItemType>
      <ItemName>שלווה מצופה בדבש בשקית</ItemName>
      <ManufactureName>בטר אנד דיפרנט בעמ</ManufactureName>
      <ManufactureCountry />
      <ManufactureItemDescription />
      <UnitQty>י"ח</UnitQty>
      <Quantity>400</Quantity>
      <UnitMeasure>ל  גרם</UnitMeasure>
      <BisWeighted>0</BisWeighted>
      <QtyInPackage>1</QtyInPackage>
      <ItemPrice>12</ItemPrice>
      <UnitOfMeasurePrice>3</UnitOfMeasurePrice>
      <AllowDiscount>0</AllowDiscount>
      <itemStatus>1</itemStatus>
      <LastUpdateDate />
      <LastUpdateTime />
    </Product>
    <Product>
      <PriceUpdateDate>2017/03/14 13:50</PriceUpdateDate>
      <ItemCode>9004656</ItemCode>
      <ItemType>0</ItemType>
      <ItemName>דלורית ארוזה</ItemName>
      <ManufactureName>ביכורי הנגב מ.ד בעמ</ManufactureName>
      <ManufactureCountry />
      <ManufactureItemDescription />
      <UnitQty>י"ח</UnitQty>
      <Quantity>1</Quantity>
      <UnitMeasure />
      <BisWeighted>0</BisWeighted>
      <QtyInPackage>1</QtyInPackage>
      <ItemPrice>12.90</ItemPrice>
      <UnitOfMeasurePrice>12.90</UnitOfMeasurePrice>
      <AllowDiscount>0</AllowDiscount>
      <itemStatus>1</itemStatus>
      <LastUpdateDate />
      <LastUpdateTime />
    </Product>
    <Product>
      <PriceUpdateDate>2016/09/27 11:34</PriceUpdateDate>
      <ItemCode>7290010002016</ItemCode>
      <ItemType>1</ItemType>
      <ItemName>כוסברה טחון 100 גרם</ItemName>
      <ManufactureName>א.ל.יצור ושיווקתבלינים בעמ</ManufactureName>
      <ManufactureCountry />
      <ManufactureItemDescription />
      <UnitQty>י"ח</UnitQty>
      <Quantity>100</Quantity>
      <UnitMeasure>ל  גרם</UnitMeasure>
      <BisWeighted>0</BisWeighted>
      <QtyInPackage>1</QtyInPackage>
      <ItemPrice>9.50</ItemPrice>
      <UnitOfMeasurePrice>9.50</UnitOfMeasurePrice>
      <AllowDiscount>0</AllowDiscount>
      <itemStatus>1</itemStatus>
      <LastUpdateDate />
      <LastUpdateTime />
    </Product>
    <Product>
      <PriceUpdateDate>2016/09/27 11:35</PriceUpdateDate>
      <ItemCode>7290010002047</ItemCode>
      <ItemType>1</ItemType>
      <ItemName>מלח לימון 200 גרם</ItemName>
      <ManufactureName>א.ל.יצור ושיווקתבלינים בעמ</ManufactureName>
      <ManufactureCountry />
      <ManufactureItemDescription />
      <UnitQty>י"ח</UnitQty>
      <Quantity>200</Quantity>
      <UnitMeasure>ל  גרם</UnitMeasure>
      <BisWeighted>0</BisWeighted>
      <QtyInPackage>1</QtyInPackage>
      <ItemPrice>9.50</ItemPrice>
      <UnitOfMeasurePrice>4.75</UnitOfMeasurePrice>
      <AllowDiscount>0</AllowDiscount>
      <itemStatus>1</itemStatus>
      <LastUpdateDate />
      <LastUpdateTime />
    </Product>
    <Product>
      <PriceUpdateDate>2014/10/06 15:48</PriceUpdateDate>
      <ItemCode>7290010002061</ItemCode>
      <ItemType>1</ItemType>
      <ItemName>פלפל לבן טחון 100 גרם</ItemName>
      <ManufactureName>א.ל.יצור ושיווקתבלינים בעמ</ManufactureName>
      <ManufactureCountry />
      <ManufactureItemDescription />
      <UnitQty>י"ח</UnitQty>
      <Quantity>100</Quantity>
      <UnitMeasure>ל  גרם</UnitMeasure>
      <BisWeighted>0</BisWeighted>
      <QtyInPackage>1</QtyInPackage>
      <ItemPrice>16.90</ItemPrice>
      <UnitOfMeasurePrice>16.90</UnitOfMeasurePrice>
      <AllowDiscount>0</AllowDiscount>
      <itemStatus>1</itemStatus>
      <LastUpdateDate />
      <LastUpdateTime />
    </Product>
    <Product>
      <PriceUpdateDate>2018/03/28 14:59</PriceUpdateDate>
      <ItemCode>7290010002108</ItemCode>
      <ItemType>1</ItemType>
      <ItemName>פלפל שחור גרוס גס 90גר.</ItemName>
      <ManufactureName>א.ל.יצור ושיווקתבלינים בעמ</ManufactureName>
      <ManufactureCountry />
      <ManufactureItemDescription />
      <UnitQty>י"ח</UnitQty>
      <Quantity>90</Quantity>
      <UnitMeasure>ל  גרם</UnitMeasure>
      <BisWeighted>0</BisWeighted>
      <QtyInPackage>1</QtyInPackage>
      <ItemPrice>14.90</ItemPrice>
      <UnitOfMeasurePrice>16.56</UnitOfMeasurePrice>
      <AllowDiscount>0</AllowDiscount>
      <itemStatus>1</itemStatus>
      <LastUpdateDate />
      <LastUpdateTime />
    </Product>
    <Product>
      <PriceUpdateDate>2016/08/02 14:13</PriceUpdateDate>
      <ItemCode>7290010002122</ItemCode>
      <ItemType>1</ItemType>
      <ItemName>פפריקה הונגרית מתוקה 100</ItemName>
      <ManufactureName>א.ל.יצור ושיווקתבלינים בעמ</ManufactureName>
      <ManufactureCountry />
      <ManufactureItemDescription />
      <UnitQty>י"ח</UnitQty>
      <Quantity>100</Quantity>
      <UnitMeasure>ל  גרם</UnitMeasure>
      <BisWeighted>0</BisWeighted>
      <QtyInPackage>1</QtyInPackage>
      <ItemPrice>10.90</ItemPrice>
      <UnitOfMeasurePrice>10.90</UnitOfMeasurePrice>
      <AllowDiscount>0</AllowDiscount>
      <itemStatus>1</itemStatus>
      <LastUpdateDate />
      <LastUpdateTime />
    </Product>
    <Product>
      <PriceUpdateDate>2014/01/17 09:06</PriceUpdateDate>
      <ItemCode>7290010002146</ItemCode>
      <ItemType>1</ItemType>
      <ItemName>פפריקה מרוקאית מתוקה 100</ItemName>
      <ManufactureName>א.ל.יצור ושיווקתבלינים בעמ</ManufactureName>
      <ManufactureCountry />
      <ManufactureItemDescription />
      <UnitQty>י"ח</UnitQty>
      <Quantity>100</Quantity>
      <UnitMeasure>ל  גרם</UnitMeasure>
      <BisWeighted>0</BisWeighted>
      <QtyInPackage>1</QtyInPackage>
      <ItemPrice>10.90</ItemPrice>
      <UnitOfMeasurePrice>10.90</UnitOfMeasurePrice>
      <AllowDiscount>0</AllowDiscount>
      <itemStatus>1</itemStatus>
      <LastUpdateDate />
      <LastUpdateTime />
    </Product>
    <Product>
      <PriceUpdateDate>2018/11/29 12:01</PriceUpdateDate>
      <ItemCode>7290010002191</ItemCode>
      <ItemType>1</ItemType>
      <ItemName>מקלות קינמון 50 גרם</ItemName>
      <ManufactureName>א.ל.יצור ושיווקתבלינים בעמ</ManufactureName>
      <ManufactureCountry />
      <ManufactureItemDescription />
      <UnitQty>י"ח</UnitQty>
      <Quantity>500</Quantity>
      <UnitMeasure>ל  גרם</UnitMeasure>
      <BisWeighted>0</BisWeighted>
      <QtyInPackage>1</QtyInPackage>
      <ItemPrice>9.90</ItemPrice>
      <UnitOfMeasurePrice>1.98</UnitOfMeasurePrice>
      <AllowDiscount>0</AllowDiscount>
      <itemStatus>1</itemStatus>
      <LastUpdateDate />
      <LastUpdateTime />
    </Product>
    <Product>
      <PriceUpdateDate>2016/09/27 11:35</PriceUpdateDate>
      <ItemCode>7290010002207</ItemCode>
      <ItemType>1</ItemType>
      <ItemName>קינמון טחון 100גר.</ItemName>
      <ManufactureName>א.ל.יצור ושיווקתבלינים בעמ</ManufactureName>
      <ManufactureCountry />
      <ManufactureItemDescription />
      <UnitQty>י"ח</UnitQty>
      <Quantity>100</Quantity>
      <UnitMeasure>ל  גרם</UnitMeasure>
      <BisWeighted>0</BisWeighted>
      <QtyInPackage>1</QtyInPackage>
      <ItemPrice>9.50</ItemPrice>
      <UnitOfMeasurePrice>9.50</UnitOfMeasurePrice>
      <AllowDiscount>0</AllowDiscount>
      <itemStatus>1</itemStatus>
      <LastUpdateDate />
      <LastUpdateTime />
    </Product>
    <Product>
      <PriceUpdateDate>2013/12/27 10:09</PriceUpdateDate>
      <ItemCode>7290010002214</ItemCode>
      <ItemType>1</ItemType>
      <ItemName>צ ילי מקסיקני גרוס 80גר</ItemName>
      <ManufactureName>א.ל.יצור ושיווקתבלינים בעמ</ManufactureName>
      <ManufactureCountry />
      <ManufactureItemDescription />
      <UnitQty>י"ח</UnitQty>
      <Quantity>80</Quantity>
      <UnitMeasure>ל  גרם</UnitMeasure>
      <BisWeighted>0</BisWeighted>
      <QtyInPackage>1</QtyInPackage>
      <ItemPrice>10.90</ItemPrice>
      <UnitOfMeasurePrice>13.63</UnitOfMeasurePrice>
      <AllowDiscount>0</AllowDiscount>
      <itemStatus>1</itemStatus>
      <LastUpdateDate />
      <LastUpdateTime />
    </Product>
    <Product>
      <PriceUpdateDate>2016/10/21 10:01</PriceUpdateDate>
      <ItemCode>7290010002283</ItemCode>
      <ItemType>1</ItemType>
      <ItemName>תבלין על האש 100</ItemName>
      <ManufactureName>א.ל.יצור ושיווקתבלינים בעמ</ManufactureName>
      <ManufactureCountry />
      <ManufactureItemDescription />
      <UnitQty>י"ח</UnitQty>
      <Quantity>100</Quantity>
      <UnitMeasure>ל  גרם</UnitMeasure>
      <BisWeighted>0</BisWeighted>
      <QtyInPackage>1</QtyInPackage>
      <ItemPrice>10.90</ItemPrice>
      <UnitOfMeasurePrice>10.90</UnitOfMeasurePrice>
      <AllowDiscount>0</AllowDiscount>
      <itemStatus>1</itemStatus>
      <LastUpdateDate />
      <LastUpdateTime />
    </Product>
    <Product>
      <PriceUpdateDate>2016/10/21 10:01</PriceUpdateDate>
      <ItemCode>7290010002290</ItemCode>
      <ItemType>1</ItemType>
      <ItemName>תערובת לשוואמה טורקית 110</ItemName>
      <ManufactureName>א.ל.יצור ושיווקתבלינים בעמ</ManufactureName>
      <ManufactureCountry />
      <ManufactureItemDescription />
      <UnitQty>י"ח</UnitQty>
      <Quantity>100</Quantity>
      <UnitMeasure>ל  גרם</UnitMeasure>
      <BisWeighted>0</BisWeighted>
      <QtyInPackage>1</QtyInPackage>
      <ItemPrice>10.90</ItemPrice>
      <UnitOfMeasurePrice>10.90</UnitOfMeasurePrice>
      <AllowDiscount>0</AllowDiscount>
      <itemStatus>1</itemStatus>
      <LastUpdateDate />
      <LastUpdateTime />
    </Product>
    <Product>
      <PriceUpdateDate>2016/10/21 10:02</PriceUpdateDate>
      <ItemCode>7290010002320</ItemCode>
      <ItemType>1</ItemType>
      <ItemName>תבלין גריל עוף 100גר</ItemName>
      <ManufactureName>א.ל.יצור ושיווקתבלינים בעמ</ManufactureName>
      <ManufactureCountry />
      <ManufactureItemDescription />
      <UnitQty>י"ח</UnitQty>
      <Quantity>100</Quantity>
      <UnitMeasure>ל  גרם</UnitMeasure>
      <BisWeighted>0</BisWeighted>
      <QtyInPackage>1</QtyInPackage>
      <ItemPrice>10.90</ItemPrice>
      <UnitOfMeasurePrice>10.90</UnitOfMeasurePrice>
      <AllowDiscount>0</AllowDiscount>
      <itemStatus>1</itemStatus>
      <LastUpdateDate />
      <LastUpdateTime />
    </Product>
    <Product>
      <PriceUpdateDate>2016/10/21 10:02</PriceUpdateDate>
      <ItemCode>7290010002337</ItemCode>
      <ItemType>1</ItemType>
      <ItemName>תבלין לסטייק 100 גרם</ItemName>
      <ManufactureName>א.ל.יצור ושיווקתבלינים בעמ</ManufactureName>
      <ManufactureCountry />
      <ManufactureItemDescription />
      <UnitQty>י"ח</UnitQty>
      <Quantity>100</Quantity>
      <UnitMeasure>ל  גרם</UnitMeasure>
      <BisWeighted>0</BisWeighted>
      <QtyInPackage>1</QtyInPackage>
      <ItemPrice>10.90</ItemPrice>
      <UnitOfMeasurePrice>10.90</UnitOfMeasurePrice>
      <AllowDiscount>0</AllowDiscount>
      <itemStatus>1</itemStatus>
      <LastUpdateDate />
      <LastUpdateTime />
    </Product>
    <Product>
      <PriceUpdateDate>2016/10/21 10:03</PriceUpdateDate>
      <ItemCode>7290010002344</ItemCode>
      <ItemType>1</ItemType>
      <ItemName>תבלין לדג 100גר.</ItemName>
      <ManufactureName>א.ל.יצור ושיווקתבלינים בעמ</ManufactureName>
      <ManufactureCountry />
      <ManufactureItemDescription />
      <UnitQty>י"ח</UnitQty>
      <Quantity>100</Quantity>
      <UnitMeasure>ל  גרם</UnitMeasure>
      <BisWeighted>0</BisWeighted>
      <QtyInPackage>1</QtyInPackage>
      <ItemPrice>10.90</ItemPrice>
      <UnitOfMeasurePrice>10.90</UnitOfMeasurePrice>
      <AllowDiscount>0</AllowDiscount>
      <itemStatus>1</itemStatus>
      <LastUpdateDate />
      <LastUpdateTime />
    </Product>
    <Product>
      <PriceUpdateDate>2016/10/21 10:03</PriceUpdateDate>
      <ItemCode>7290010002351</ItemCode>
      <ItemType>1</ItemType>
      <ItemName>זעטר ושומשום בלדי 100</ItemName>
      <ManufactureName>א.ל.יצור ושיווקתבלינים בעמ</ManufactureName>
      <ManufactureCountry />
      <ManufactureItemDescription />
      <UnitQty>י"ח</UnitQty>
      <Quantity>110</Quantity>
      <UnitMeasure>ל  גרם</UnitMeasure>
      <BisWeighted>0</BisWeighted>
      <QtyInPackage>1</QtyInPackage>
      <ItemPrice>10.90</ItemPrice>
      <UnitOfMeasurePrice>9.91</UnitOfMeasurePrice>
      <AllowDiscount>0</AllowDiscount>
      <itemStatus>1</itemStatus>
      <LastUpdateDate />
      <LastUpdateTime />
    </Product>
    <Product>
      <PriceUpdateDate>2016/09/27 11:35</PriceUpdateDate>
      <ItemCode>7290010002368</ItemCode>
      <ItemType>1</ItemType>
      <ItemName>תערובת חווג  למרק 100גר</ItemName>
      <ManufactureName>א.ל.יצור ושיווקתבלינים בעמ</ManufactureName>
      <ManufactureCountry />
      <ManufactureItemDescription />
      <UnitQty>י"ח</UnitQty>
      <Quantity>100</Quantity>
      <UnitMeasure>ל  גרם</UnitMeasure>
      <BisWeighted>0</BisWeighted>
      <QtyInPackage>1</QtyInPackage>
      <ItemPrice>10.90</ItemPrice>
      <UnitOfMeasurePrice>10.90</UnitOfMeasurePrice>
      <AllowDiscount>0</AllowDiscount>
      <itemStatus>1</itemStatus>
      <LastUpdateDate />
      <LastUpdateTime />
    </Product>
    <Product>
      <PriceUpdateDate>2016/09/27 11:36</PriceUpdateDate>
      <ItemCode>7290010002375</ItemCode>
      <ItemType>1</ItemType>
      <ItemName>מדרס קארי 100גר.</ItemName>
      <ManufactureName>א.ל.יצור ושיווקתבלינים בעמ</ManufactureName>
      <ManufactureCountry />
      <ManufactureItemDescription />
      <UnitQty>י"ח</UnitQty>
      <Quantity>100</Quantity>
      <UnitMeasure>ל  גרם</UnitMeasure>
      <BisWeighted>0</BisWeighted>
      <QtyInPackage>1</QtyInPackage>
      <ItemPrice>10.90</ItemPrice>
      <UnitOfMeasurePrice>10.90</UnitOfMeasurePrice>
      <AllowDiscount>0</AllowDiscount>
      <itemStatus>1</itemStatus>
      <LastUpdateDate />
      <LastUpdateTime />
    </Product>
    <Product>
      <PriceUpdateDate>2018/11/29 12:01</PriceUpdateDate>
      <ItemCode>7290010002399</ItemCode>
      <ItemType>1</ItemType>
      <ItemName>בזיליקום 40 גרם</ItemName>
      <ManufactureName>א.ל.יצור ושיווקתבלינים בעמ</ManufactureName>
      <ManufactureCountry />
      <ManufactureItemDescription />
      <UnitQty>י"ח</UnitQty>
      <Quantity>40</Quantity>
      <UnitMeasure>ל  גרם</UnitMeasure>
      <BisWeighted>0</BisWeighted>
      <QtyInPackage>1</QtyInPackage>
      <ItemPrice>9.50</ItemPrice>
      <UnitOfMeasurePrice>23.75</UnitOfMeasurePrice>
      <AllowDiscount>0</AllowDiscount>
      <itemStatus>1</itemStatus>
      <LastUpdateDate />
      <LastUpdateTime />
    </Product>
    <Product>
      <PriceUpdateDate>2018/11/29 12:01</PriceUpdateDate>
      <ItemCode>7290010002405</ItemCode>
      <ItemType>1</ItemType>
      <ItemName>טימין הררי 40גר.</ItemName>
      <ManufactureName>א.ל.יצור ושיווקתבלינים בעמ</ManufactureName>
      <ManufactureCountry />
      <ManufactureItemDescription />
      <UnitQty>י"ח</UnitQty>
      <Quantity>40</Quantity>
      <UnitMeasure>ל  גרם</UnitMeasure>
      <BisWeighted>0</BisWeighted>
      <QtyInPackage>1</QtyInPackage>
      <ItemPrice>9.50</ItemPrice>
      <UnitOfMeasurePrice>23.75</UnitOfMeasurePrice>
      <AllowDiscount>0</AllowDiscount>
      <itemStatus>1</itemStatus>
      <LastUpdateDate />
      <LastUpdateTime />
    </Product>
    <Product>
      <PriceUpdateDate>2018/11/29 12:01</PriceUpdateDate>
      <ItemCode>7290010002436</ItemCode>
      <ItemType>1</ItemType>
      <ItemName>פטרוזיליה 25גר.</ItemName>
      <ManufactureName>א.ל.יצור ושיווקתבלינים בעמ</ManufactureName>
      <ManufactureCountry />
      <ManufactureItemDescription />
      <UnitQty>י"ח</UnitQty>
      <Quantity>25</Quantity>
      <UnitMeasure>ל  גרם</UnitMeasure>
      <BisWeighted>0</BisWeighted>
      <QtyInPackage>1</QtyInPackage>
      <ItemPrice>9.50</ItemPrice>
      <UnitOfMeasurePrice>38</UnitOfMeasurePrice>
      <AllowDiscount>0</AllowDiscount>
      <itemStatus>1</itemStatus>
      <LastUpdateDate />
      <LastUpdateTime />
    </Product>
    <Product>
      <PriceUpdateDate>2016/08/22 15:53</PriceUpdateDate>
      <ItemCode>7290010002481</ItemCode>
      <ItemType>1</ItemType>
      <ItemName>שום טחון 100 גרם</ItemName>
      <ManufactureName>א.ל.יצור ושיווקתבלינים בעמ</ManufactureName>
      <ManufactureCountry />
      <ManufactureItemDescription />
      <UnitQty>י"ח</UnitQty>
      <Quantity>100</Quantity>
      <UnitMeasure>ל  גרם</UnitMeasure>
      <BisWeighted>0</BisWeighted>
      <QtyInPackage>1</QtyInPackage>
      <ItemPrice>13.90</ItemPrice>
      <UnitOfMeasurePrice>13.90</UnitOfMeasurePrice>
      <AllowDiscount>0</AllowDiscount>
      <itemStatus>1</itemStatus>
      <LastUpdateDate />
      <LastUpdateTime />
    </Product>
    <Product>
      <PriceUpdateDate>2016/08/22 15:56</PriceUpdateDate>
      <ItemCode>7290010002498</ItemCode>
      <ItemType>1</ItemType>
      <ItemName>שום גבישי 120 גרם</ItemName>
      <ManufactureName>א.ל.יצור ושיווקתבלינים בעמ</ManufactureName>
      <ManufactureCountry />
      <ManufactureItemDescription />
      <UnitQty>י"ח</UnitQty>
      <Quantity>120</Quantity>
      <UnitMeasure>ל  גרם</UnitMeasure>
      <BisWeighted>0</BisWeighted>
      <QtyInPackage>1</QtyInPackage>
      <ItemPrice>13.90</ItemPrice>
      <UnitOfMeasurePrice>11.58</UnitOfMeasurePrice>
      <AllowDiscount>0</AllowDiscount>
      <itemStatus>1</itemStatus>
      <LastUpdateDate />
      <LastUpdateTime />
    </Product>
    <Product>
      <PriceUpdateDate>2017/01/01 09:21</PriceUpdateDate>
      <ItemCode>7290010002726</ItemCode>
      <ItemType>1</ItemType>
      <ItemName>תבלין לפרגיות 100גר</ItemName>
      <ManufactureName>א.ל.יצור ושיווקתבלינים בעמ</ManufactureName>
      <ManufactureCountry />
      <ManufactureItemDescription />
      <UnitQty>י"ח</UnitQty>
      <Quantity>100</Quantity>
      <UnitMeasure>ל  גרם</UnitMeasure>
      <BisWeighted>0</BisWeighted>
      <QtyInPackage>1</QtyInPackage>
      <ItemPrice>10.90</ItemPrice>
      <UnitOfMeasurePrice>10.90</UnitOfMeasurePrice>
      <AllowDiscount>0</AllowDiscount>
      <itemStatus>1</itemStatus>
      <LastUpdateDate />
      <LastUpdateTime />
    </Product>
    <Product>
      <PriceUpdateDate>2015/11/01 12:52</PriceUpdateDate>
      <ItemCode>7290010003075</ItemCode>
      <ItemType>1</ItemType>
      <ItemName>פפריקה מרוקאית מתוקה 400 מימון</ItemName>
      <ManufactureName>א.ל.יצור ושיווקתבלינים בעמ</ManufactureName>
      <ManufactureCountry />
      <ManufactureItemDescription />
      <UnitQty>י"ח</UnitQty>
      <Quantity>400</Quantity>
      <UnitMeasure>ל  גרם</UnitMeasure>
      <BisWeighted>0</BisWeighted>
      <QtyInPackage>1</QtyInPackage>
      <ItemPrice>24.90</ItemPrice>
      <UnitOfMeasurePrice>6.23</UnitOfMeasurePrice>
      <AllowDiscount>1</AllowDiscount>
      <itemStatus>1</itemStatus>
      <LastUpdateDate />
      <LastUpdateTime />
    </Product>
    <Product>
      <PriceUpdateDate>2018/03/28 14:58</PriceUpdateDate>
      <ItemCode>7290010003754</ItemCode>
      <ItemType>1</ItemType>
      <ItemName>כמון טחו 50ג שקית</ItemName>
      <ManufactureName>א.ל.יצור ושיווקתבלינים בעמ</ManufactureName>
      <ManufactureCountry />
      <ManufactureItemDescription />
      <UnitQty>י"ח</UnitQty>
      <Quantity>50</Quantity>
      <UnitMeasure>ל  גרם</UnitMeasure>
      <BisWeighted>0</BisWeighted>
      <QtyInPackage>1</QtyInPackage>
      <ItemPrice>6.90</ItemPrice>
      <UnitOfMeasurePrice>13.80</UnitOfMeasurePrice>
      <AllowDiscount>0</AllowDiscount>
      <itemStatus>1</itemStatus>
      <LastUpdateDate />
      <LastUpdateTime />
    </Product>
    <Product>
      <PriceUpdateDate>2018/03/28 14:57</PriceUpdateDate>
      <ItemCode>7290010003761</ItemCode>
      <ItemType>1</ItemType>
      <ItemName>כורכום טחון שקית 80ג</ItemName>
      <ManufactureName>א.ל.יצור ושיווקתבלינים בעמ</ManufactureName>
      <ManufactureCountry />
      <ManufactureItemDescription />
      <UnitQty>י"ח</UnitQty>
      <Quantity>80</Quantity>
      <UnitMeasure>ל  גרם</UnitMeasure>
      <BisWeighted>0</BisWeighted>
      <QtyInPackage>1</QtyInPackage>
      <ItemPrice>6.90</ItemPrice>
      <UnitOfMeasurePrice>8.63</UnitOfMeasurePrice>
      <AllowDiscount>0</AllowDiscount>
      <itemStatus>1</itemStatus>
      <LastUpdateDate />
      <LastUpdateTime />
    </Product>
    <Product>
      <PriceUpdateDate>2015/08/14 09:36</PriceUpdateDate>
      <ItemCode>7290010003785</ItemCode>
      <ItemType>1</ItemType>
      <ItemName>פירורי לחם זהוב 200גר</ItemName>
      <ManufactureName>א.ל.יצור ושיווקתבלינים בעמ</ManufactureName>
      <ManufactureCountry />
      <ManufactureItemDescription />
      <UnitQty>י"ח</UnitQty>
      <Quantity>200</Quantity>
      <UnitMeasure>ל  גרם</UnitMeasure>
      <BisWeighted>0</BisWeighted>
      <QtyInPackage>1</QtyInPackage>
      <ItemPrice>3.90</ItemPrice>
      <UnitOfMeasurePrice>1.95</UnitOfMeasurePrice>
      <AllowDiscount>1</AllowDiscount>
      <itemStatus>1</itemStatus>
      <LastUpdateDate />
      <LastUpdateTime />
    </Product>
    <Product>
      <PriceUpdateDate>2018/03/28 15:00</PriceUpdateDate>
      <ItemCode>7290010003808</ItemCode>
      <ItemType>1</ItemType>
      <ItemName>זעתר ושומשום שקית 80ג</ItemName>
      <ManufactureName>א.ל.יצור ושיווקתבלינים בעמ</ManufactureName>
      <ManufactureCountry />
      <ManufactureItemDescription />
      <UnitQty>י"ח</UnitQty>
      <Quantity>80</Quantity>
      <UnitMeasure>ל  גרם</UnitMeasure>
      <BisWeighted>0</BisWeighted>
      <QtyInPackage>1</QtyInPackage>
      <ItemPrice>6.90</ItemPrice>
      <UnitOfMeasurePrice>8.63</UnitOfMeasurePrice>
      <AllowDiscount>0</AllowDiscount>
      <itemStatus>1</itemStatus>
      <LastUpdateDate />
      <LastUpdateTime />
    </Product>
    <Product>
      <PriceUpdateDate>2018/03/28 15:00</PriceUpdateDate>
      <ItemCode>7290010003846</ItemCode>
      <ItemType>1</ItemType>
      <ItemName>אורגנו שקית 20ג</ItemName>
      <ManufactureName>א.ל.יצור ושיווקתבלינים בעמ</ManufactureName>
      <ManufactureCountry />
      <ManufactureItemDescription />
      <UnitQty>י"ח</UnitQty>
      <Quantity>20</Quantity>
      <UnitMeasure>ל  גרם</UnitMeasure>
      <BisWeighted>0</BisWeighted>
      <QtyInPackage>1</QtyInPackage>
      <ItemPrice>6.90</ItemPrice>
      <UnitOfMeasurePrice>34.50</UnitOfMeasurePrice>
      <AllowDiscount>0</AllowDiscount>
      <itemStatus>1</itemStatus>
      <LastUpdateDate />
      <LastUpdateTime />
    </Product>
    <Product>
      <PriceUpdateDate>2018/01/25 12:39</PriceUpdateDate>
      <ItemCode>7290010004348</ItemCode>
      <ItemType>1</ItemType>
      <ItemName>פפריקה מתוקה 250ג.</ItemName>
      <ManufactureName>א.ל.יצור ושיווקתבלינים בעמ</ManufactureName>
      <ManufactureCountry />
      <ManufactureItemDescription />
      <UnitQty>י"ח</UnitQty>
      <Quantity>250</Quantity>
      <UnitMeasure>ל  גרם</UnitMeasure>
      <BisWeighted>0</BisWeighted>
      <QtyInPackage>1</QtyInPackage>
      <ItemPrice>19.90</ItemPrice>
      <UnitOfMeasurePrice>7.96</UnitOfMeasurePrice>
      <AllowDiscount>0</AllowDiscount>
      <itemStatus>1</itemStatus>
      <LastUpdateDate />
      <LastUpdateTime />
    </Product>
    <Product>
      <PriceUpdateDate>2019/04/15 13:58</PriceUpdateDate>
      <ItemCode>7290010154241</ItemCode>
      <ItemType>1</ItemType>
      <ItemName>חזרת ביתית 250 ג</ItemName>
      <ManufactureName>נטו מלינדה סחר בעמ</ManufactureName>
      <ManufactureCountry />
      <ManufactureItemDescription />
      <UnitQty>י"ח</UnitQty>
      <Quantity>250</Quantity>
      <UnitMeasure>ל  גרם</UnitMeasure>
      <BisWeighted>0</BisWeighted>
      <QtyInPackage>1</QtyInPackage>
      <ItemPrice>14.90</ItemPrice>
      <UnitOfMeasurePrice>5.96</UnitOfMeasurePrice>
      <AllowDiscount>0</AllowDiscount>
      <itemStatus>1</itemStatus>
      <LastUpdateDate />
      <LastUpdateTime />
    </Product>
    <Product>
      <PriceUpdateDate>2016/03/31 11:41</PriceUpdateDate>
      <ItemCode>7290011480530</ItemCode>
      <ItemType>1</ItemType>
      <ItemName>כוסברה כשר יבולי הכפר</ItemName>
      <ManufactureName>ביכורי הנגב מ.ד בעמ</ManufactureName>
      <ManufactureCountry />
      <ManufactureItemDescription />
      <UnitQty>י"ח</UnitQty>
      <Quantity>1</Quantity>
      <UnitMeasure />
      <BisWeighted>0</BisWeighted>
      <QtyInPackage>1</QtyInPackage>
      <ItemPrice>5.90</ItemPrice>
      <UnitOfMeasurePrice>5.90</UnitOfMeasurePrice>
      <AllowDiscount>1</AllowDiscount>
      <itemStatus>1</itemStatus>
      <LastUpdateDate />
      <LastUpdateTime />
    </Product>
    <Product>
      <PriceUpdateDate>2018/10/07 16:48</PriceUpdateDate>
      <ItemCode>7290011499051</ItemCode>
      <ItemType>1</ItemType>
      <ItemName>פטה כבשים 250 גרם</ItemName>
      <ManufactureName>מחלבות גד</ManufactureName>
      <ManufactureCountry />
      <ManufactureItemDescription />
      <UnitQty>י"ח</UnitQty>
      <Quantity>250</Quantity>
      <UnitMeasure>ל  גרם</UnitMeasure>
      <BisWeighted>0</BisWeighted>
      <QtyInPackage>1</QtyInPackage>
      <ItemPrice>24.90</ItemPrice>
      <UnitOfMeasurePrice>9.96</UnitOfMeasurePrice>
      <AllowDiscount>1</AllowDiscount>
      <itemStatus>1</itemStatus>
      <LastUpdateDate />
      <LastUpdateTime />
    </Product>
    <Product>
      <PriceUpdateDate>2015/04/29 13:18</PriceUpdateDate>
      <ItemCode>7290014205437</ItemCode>
      <ItemType>1</ItemType>
      <ItemName>כפות הגשה 3יח   שווה</ItemName>
      <ManufactureName>ח.כהן סוכנות מזון ומשקאות בע</ManufactureName>
      <ManufactureCountry />
      <ManufactureItemDescription />
      <UnitQty>י"ח</UnitQty>
      <Quantity>3</Quantity>
      <UnitMeasure>י"ח</UnitMeasure>
      <BisWeighted>0</BisWeighted>
      <QtyInPackage>1</QtyInPackage>
      <ItemPrice>3.50</ItemPrice>
      <UnitOfMeasurePrice>1.17</UnitOfMeasurePrice>
      <AllowDiscount>1</AllowDiscount>
      <itemStatus>1</itemStatus>
      <LastUpdateDate />
      <LastUpdateTime />
    </Product>
    <Product>
      <PriceUpdateDate>2019/07/10 14:32</PriceUpdateDate>
      <ItemCode>15979559</ItemCode>
      <ItemType>0</ItemType>
      <ItemName>חסה ערבית</ItemName>
      <ManufactureName>ביכורי הנגב מ.ד בעמ</ManufactureName>
      <ManufactureCountry />
      <ManufactureItemDescription />
      <UnitQty>י"ח</UnitQty>
      <Quantity>1</Quantity>
      <UnitMeasure />
      <BisWeighted>0</BisWeighted>
      <QtyInPackage>1</QtyInPackage>
      <ItemPrice>4.90</ItemPrice>
      <UnitOfMeasurePrice>4.90</UnitOfMeasurePrice>
      <AllowDiscount>0</AllowDiscount>
      <itemStatus>1</itemStatus>
      <LastUpdateDate />
      <LastUpdateTime />
    </Product>
    <Product>
      <PriceUpdateDate>2017/09/13 11:14</PriceUpdateDate>
      <ItemCode>7290016401776</ItemCode>
      <ItemType>1</ItemType>
      <ItemName>כוסות חד פעמי שתיה חמה</ItemName>
      <ManufactureName>ח.כהן סוכנות מזון ומשקאות בע</ManufactureName>
      <ManufactureCountry />
      <ManufactureItemDescription />
      <UnitQty>י"ח</UnitQty>
      <Quantity>1</Quantity>
      <UnitMeasure>י"ח</UnitMeasure>
      <BisWeighted>0</BisWeighted>
      <QtyInPackage>1</QtyInPackage>
      <ItemPrice>6.90</ItemPrice>
      <UnitOfMeasurePrice>6.90</UnitOfMeasurePrice>
      <AllowDiscount>1</AllowDiscount>
      <itemStatus>1</itemStatus>
      <LastUpdateDate />
      <LastUpdateTime />
    </Product>
    <Product>
      <PriceUpdateDate>2015/07/01 10:35</PriceUpdateDate>
      <ItemCode>40099606</ItemCode>
      <ItemType>0</ItemType>
      <ItemName>אורביט כחול</ItemName>
      <ManufactureName>לפ מרס מולטיסיילס ישראל</ManufactureName>
      <ManufactureCountry />
      <ManufactureItemDescription />
      <UnitQty>י"ח</UnitQty>
      <Quantity>30</Quantity>
      <UnitMeasure>ל  גרם</UnitMeasure>
      <BisWeighted>0</BisWeighted>
      <QtyInPackage>1</QtyInPackage>
      <ItemPrice>2.90</ItemPrice>
      <UnitOfMeasurePrice>9.67</UnitOfMeasurePrice>
      <AllowDiscount>0</AllowDiscount>
      <itemStatus>1</itemStatus>
      <LastUpdateDate />
      <LastUpdateTime />
    </Product>
    <Product>
      <PriceUpdateDate>2018/03/26 12:07</PriceUpdateDate>
      <ItemCode>46024817</ItemCode>
      <ItemType>0</ItemType>
      <ItemName>נקסט בודד</ItemName>
      <ManufactureName>פיליפ מוריס בעמ</ManufactureName>
      <ManufactureCountry />
      <ManufactureItemDescription />
      <UnitQty>י"ח</UnitQty>
      <Quantity>1</Quantity>
      <UnitMeasure />
      <BisWeighted>0</BisWeighted>
      <QtyInPackage>1</QtyInPackage>
      <ItemPrice>28.80</ItemPrice>
      <UnitOfMeasurePrice>28.80</UnitOfMeasurePrice>
      <AllowDiscount>0</AllowDiscount>
      <itemStatus>1</itemStatus>
      <LastUpdateDate />
      <LastUpdateTime />
    </Product>
    <Product>
      <PriceUpdateDate>2018/03/26 12:07</PriceUpdateDate>
      <ItemCode>46024824</ItemCode>
      <ItemType>0</ItemType>
      <ItemName>נקסט לייט בודד</ItemName>
      <ManufactureName>פיליפ מוריס בעמ</ManufactureName>
      <ManufactureCountry />
      <ManufactureItemDescription />
      <UnitQty>י"ח</UnitQty>
      <Quantity>1</Quantity>
      <UnitMeasure />
      <BisWeighted>0</BisWeighted>
      <QtyInPackage>1</QtyInPackage>
      <ItemPrice>28.80</ItemPrice>
      <UnitOfMeasurePrice>28.80</UnitOfMeasurePrice>
      <AllowDiscount>0</AllowDiscount>
      <itemStatus>1</itemStatus>
      <LastUpdateDate />
      <LastUpdateTime />
    </Product>
    <Product>
      <PriceUpdateDate>2013/12/10 12:31</PriceUpdateDate>
      <ItemCode>50398904</ItemCode>
      <ItemType>0</ItemType>
      <ItemName>תחליב חמצן 6% 60מ"ל</ItemName>
      <ManufactureName>הנקל סוד בעמ</ManufactureName>
      <ManufactureCountry />
      <ManufactureItemDescription />
      <UnitQty>י"ח</UnitQty>
      <Quantity>1</Quantity>
      <UnitMeasure />
      <BisWeighted>0</BisWeighted>
      <QtyInPackage>1</QtyInPackage>
      <ItemPrice>5.10</ItemPrice>
      <UnitOfMeasurePrice>5.10</UnitOfMeasurePrice>
      <AllowDiscount>0</AllowDiscount>
      <itemStatus>1</itemStatus>
      <LastUpdateDate />
      <LastUpdateTime />
    </Product>
    <Product>
      <PriceUpdateDate>2015/01/28 21:23</PriceUpdateDate>
      <ItemCode>54051140</ItemCode>
      <ItemType>0</ItemType>
      <ItemName>אלפרו מעדן סויה וניל 500 ג`</ItemName>
      <ManufactureName>ש.שסטוביץ בעמ</ManufactureName>
      <ManufactureCountry />
      <ManufactureItemDescription />
      <UnitQty>י"ח</UnitQty>
      <Quantity>500</Quantity>
      <UnitMeasure>ל  גרם</UnitMeasure>
      <BisWeighted>0</BisWeighted>
      <QtyInPackage>1</QtyInPackage>
      <ItemPrice>17.90</ItemPrice>
      <UnitOfMeasurePrice>3.58</UnitOfMeasurePrice>
      <AllowDiscount>0</AllowDiscount>
      <itemStatus>1</itemStatus>
      <LastUpdateDate />
      <LastUpdateTime />
    </Product>
    <Product>
      <PriceUpdateDate>2015/01/28 21:26</PriceUpdateDate>
      <ItemCode>54051157</ItemCode>
      <ItemType>0</ItemType>
      <ItemName>אלפרו מעדן סויה שוקו 500 ג`</ItemName>
      <ManufactureName>ש.שסטוביץ בעמ</ManufactureName>
      <ManufactureCountry />
      <ManufactureItemDescription />
      <UnitQty>י"ח</UnitQty>
      <Quantity>500</Quantity>
      <UnitMeasure>ל  גרם</UnitMeasure>
      <BisWeighted>0</BisWeighted>
      <QtyInPackage>1</QtyInPackage>
      <ItemPrice>17.90</ItemPrice>
      <UnitOfMeasurePrice>3.58</UnitOfMeasurePrice>
      <AllowDiscount>0</AllowDiscount>
      <itemStatus>1</itemStatus>
      <LastUpdateDate />
      <LastUpdateTime />
    </Product>
    <Product>
      <PriceUpdateDate>2019/06/03 12:00</PriceUpdateDate>
      <ItemCode>59068907</ItemCode>
      <ItemType>0</ItemType>
      <ItemName>פאל מאל כחול דמי סמילס</ItemName>
      <ManufactureName>גלוברנדס בעמ</ManufactureName>
      <ManufactureCountry />
      <ManufactureItemDescription />
      <UnitQty>י"ח</UnitQty>
      <Quantity>1</Quantity>
      <UnitMeasure />
      <BisWeighted>0</BisWeighted>
      <QtyInPackage>1</QtyInPackage>
      <ItemPrice>24</ItemPrice>
      <UnitOfMeasurePrice>24</UnitOfMeasurePrice>
      <AllowDiscount>0</AllowDiscount>
      <itemStatus>1</itemStatus>
      <LastUpdateDate />
      <LastUpdateTime />
    </Product>
    <Product>
      <PriceUpdateDate>2019/11/21 18:15</PriceUpdateDate>
      <ItemCode>59082538</ItemCode>
      <ItemType>0</ItemType>
      <ItemName>רקסונה רול און סטיי פרש ליצ`י 50מ"ל</ItemName>
      <ManufactureName>יוניליוור ישראל שיווק בעמ</ManufactureName>
      <ManufactureCountry />
      <ManufactureItemDescription />
      <UnitQty>י"ח</UnitQty>
      <Quantity>50</Quantity>
      <UnitMeasure>ל  מ"ל</UnitMeasure>
      <BisWeighted>0</BisWeighted>
      <QtyInPackage>1</QtyInPackage>
      <ItemPrice>11.90</ItemPrice>
      <UnitOfMeasurePrice>23.80</UnitOfMeasurePrice>
      <AllowDiscount>0</AllowDiscount>
      <itemStatus>1</itemStatus>
      <LastUpdateDate />
      <LastUpdateTime />
    </Product>
    <Product>
      <PriceUpdateDate>2015/06/07 15:06</PriceUpdateDate>
      <ItemCode>72917329</ItemCode>
      <ItemType>0</ItemType>
      <ItemName>חטיף אגוזי חלב</ItemName>
      <ManufactureName>שטראוס גרופ בעמ</ManufactureName>
      <ManufactureCountry />
      <ManufactureItemDescription />
      <UnitQty>י"ח</UnitQty>
      <Quantity>45</Quantity>
      <UnitMeasure>ל  גרם</UnitMeasure>
      <BisWeighted>0</BisWeighted>
      <QtyInPackage>1</QtyInPackage>
      <ItemPrice>3.90</ItemPrice>
      <UnitOfMeasurePrice>8.67</UnitOfMeasurePrice>
      <AllowDiscount>1</AllowDiscount>
      <itemStatus>1</itemStatus>
      <LastUpdateDate />
      <LastUpdateTime />
    </Product>
    <Product>
      <PriceUpdateDate>2015/06/07 15:06</PriceUpdateDate>
      <ItemCode>72917367</ItemCode>
      <ItemType>0</ItemType>
      <ItemName>טעמי חדש</ItemName>
      <ManufactureName>שטראוס גרופ בעמ</ManufactureName>
      <ManufactureCountry />
      <ManufactureItemDescription />
      <UnitQty>י"ח</UnitQty>
      <Quantity>40</Quantity>
      <UnitMeasure>ל  גרם</UnitMeasure>
      <BisWeighted>0</BisWeighted>
      <QtyInPackage>1</QtyInPackage>
      <ItemPrice>3.90</ItemPrice>
      <UnitOfMeasurePrice>9.75</UnitOfMeasurePrice>
      <AllowDiscount>1</AllowDiscount>
      <itemStatus>1</itemStatus>
      <LastUpdateDate />
      <LastUpdateTime />
    </Product>
    <Product>
      <PriceUpdateDate>2015/06/07 15:06</PriceUpdateDate>
      <ItemCode>72917589</ItemCode>
      <ItemType>0</ItemType>
      <ItemName>מקופלת עלית</ItemName>
      <ManufactureName>שטראוס גרופ בעמ</ManufactureName>
      <ManufactureCountry />
      <ManufactureItemDescription />
      <UnitQty>י"ח</UnitQty>
      <Quantity>25</Quantity>
      <UnitMeasure>ל  גרם</UnitMeasure>
      <BisWeighted>0</BisWeighted>
      <QtyInPackage>1</QtyInPackage>
      <ItemPrice>3.90</ItemPrice>
      <UnitOfMeasurePrice>15.60</UnitOfMeasurePrice>
      <AllowDiscount>1</AllowDiscount>
      <itemStatus>1</itemStatus>
      <LastUpdateDate />
      <LastUpdateTime />
    </Product>
    <Product>
      <PriceUpdateDate>2014/05/29 11:28</PriceUpdateDate>
      <ItemCode>72941041</ItemCode>
      <ItemType>0</ItemType>
      <ItemName>מיני מילקי שוקו</ItemName>
      <ManufactureName>שטראוס גרופ ***בעמ</ManufactureName>
      <ManufactureCountry />
      <ManufactureItemDescription />
      <UnitQty>י"ח</UnitQty>
      <Quantity>130</Quantity>
      <UnitMeasure>ל  מ"ל</UnitMeasure>
      <BisWeighted>0</BisWeighted>
      <QtyInPackage>1</QtyInPackage>
      <ItemPrice>2.20</ItemPrice>
      <UnitOfMeasurePrice>1.69</UnitOfMeasurePrice>
      <AllowDiscount>0</AllowDiscount>
      <itemStatus>1</itemStatus>
      <LastUpdateDate />
      <LastUpdateTime />
    </Product>
    <Product>
      <PriceUpdateDate>2014/01/30 16:04</PriceUpdateDate>
      <ItemCode>72945308</ItemCode>
      <ItemType>0</ItemType>
      <ItemName>שמרים קוביות 50</ItemName>
      <ManufactureName>שטראוס גרופ ***בעמ</ManufactureName>
      <ManufactureCountry />
      <ManufactureItemDescription />
      <UnitQty>י"ח</UnitQty>
      <Quantity>50</Quantity>
      <UnitMeasure>ל  גרם</UnitMeasure>
      <BisWeighted>0</BisWeighted>
      <QtyInPackage>1</QtyInPackage>
      <ItemPrice>3.30</ItemPrice>
      <UnitOfMeasurePrice>6.60</UnitOfMeasurePrice>
      <AllowDiscount>0</AllowDiscount>
      <itemStatus>1</itemStatus>
      <LastUpdateDate />
      <LastUpdateTime />
    </Product>
    <Product>
      <PriceUpdateDate>2020/01/02 12:29</PriceUpdateDate>
      <ItemCode>72961506</ItemCode>
      <ItemType>0</ItemType>
      <ItemName>פרילי תות 125 מ"ל</ItemName>
      <ManufactureName>תנובה בעמ ***</ManufactureName>
      <ManufactureCountry />
      <ManufactureItemDescription />
      <UnitQty>י"ח</UnitQty>
      <Quantity>125</Quantity>
      <UnitMeasure>ל  מ"ל</UnitMeasure>
      <BisWeighted>0</BisWeighted>
      <QtyInPackage>1</QtyInPackage>
      <ItemPrice>3.30</ItemPrice>
      <UnitOfMeasurePrice>2.64</UnitOfMeasurePrice>
      <AllowDiscount>0</AllowDiscount>
      <itemStatus>1</itemStatus>
      <LastUpdateDate />
      <LastUpdateTime />
    </Product>
    <Product>
      <PriceUpdateDate>2020/01/02 12:29</PriceUpdateDate>
      <ItemCode>72961513</ItemCode>
      <ItemType>0</ItemType>
      <ItemName>פרילי משמש 125 מ"ל</ItemName>
      <ManufactureName>תנובה בעמ ***</ManufactureName>
      <ManufactureCountry />
      <ManufactureItemDescription />
      <UnitQty>י"ח</UnitQty>
      <Quantity>125</Quantity>
      <UnitMeasure>ל  מ"ל</UnitMeasure>
      <BisWeighted>0</BisWeighted>
      <QtyInPackage>1</QtyInPackage>
      <ItemPrice>3.30</ItemPrice>
      <UnitOfMeasurePrice>2.64</UnitOfMeasurePrice>
      <AllowDiscount>0</AllowDiscount>
      <itemStatus>1</itemStatus>
      <LastUpdateDate />
      <LastUpdateTime />
    </Product>
    <Product>
      <PriceUpdateDate>2020/01/02 12:29</PriceUpdateDate>
      <ItemCode>72961520</ItemCode>
      <ItemType>0</ItemType>
      <ItemName>פרילי אננס 125 מ"ל</ItemName>
      <ManufactureName>תנובה בעמ ***</ManufactureName>
      <ManufactureCountry />
      <ManufactureItemDescription />
      <UnitQty>י"ח</UnitQty>
      <Quantity>125</Quantity>
      <UnitMeasure>ל  מ"ל</UnitMeasure>
      <BisWeighted>0</BisWeighted>
      <QtyInPackage>1</QtyInPackage>
      <ItemPrice>3.30</ItemPrice>
      <UnitOfMeasurePrice>2.64</UnitOfMeasurePrice>
      <AllowDiscount>0</AllowDiscount>
      <itemStatus>1</itemStatus>
      <LastUpdateDate />
      <LastUpdateTime />
    </Product>
    <Product>
      <PriceUpdateDate>2020/01/02 12:29</PriceUpdateDate>
      <ItemCode>72963753</ItemCode>
      <ItemType>0</ItemType>
      <ItemName>שמנת של פעם 27% 200 מ"ל</ItemName>
      <ManufactureName>תנובה בעמ ***</ManufactureName>
      <ManufactureCountry />
      <ManufactureItemDescription />
      <UnitQty>י"ח</UnitQty>
      <Quantity>200</Quantity>
      <UnitMeasure>ל  מ"ל</UnitMeasure>
      <BisWeighted>0</BisWeighted>
      <QtyInPackage>1</QtyInPackage>
      <ItemPrice>3.90</ItemPrice>
      <UnitOfMeasurePrice>1.95</UnitOfMeasurePrice>
      <AllowDiscount>0</AllowDiscount>
      <itemStatus>1</itemStatus>
      <LastUpdateDate />
      <LastUpdateTime />
    </Product>
    <Product>
      <PriceUpdateDate>2017/01/10 17:51</PriceUpdateDate>
      <ItemCode>72983997</ItemCode>
      <ItemType>0</ItemType>
      <ItemName>גולף ארוך חדש</ItemName>
      <ManufactureName>דובק בעמ</ManufactureName>
      <ManufactureCountry />
      <ManufactureItemDescription />
      <UnitQty>י"ח</UnitQty>
      <Quantity>1</Quantity>
      <UnitMeasure />
      <BisWeighted>0</BisWeighted>
      <QtyInPackage>1</QtyInPackage>
      <ItemPrice>29.50</ItemPrice>
      <UnitOfMeasurePrice>29.50</UnitOfMeasurePrice>
      <AllowDiscount>0</AllowDiscount>
      <itemStatus>1</itemStatus>
      <LastUpdateDate />
      <LastUpdateTime />
    </Product>
    <Product>
      <PriceUpdateDate>2017/08/17 10:59</PriceUpdateDate>
      <ItemCode>72986370</ItemCode>
      <ItemType>0</ItemType>
      <ItemName>גלידה פיינטים וניל</ItemName>
      <ManufactureName>מוצרי איכות אמריקאיים בעמ</ManufactureName>
      <ManufactureCountry />
      <ManufactureItemDescription />
      <UnitQty>י"ח</UnitQty>
      <Quantity>500</Quantity>
      <UnitMeasure>ל  מ"ל</UnitMeasure>
      <BisWeighted>0</BisWeighted>
      <QtyInPackage>1</QtyInPackage>
      <ItemPrice>23.90</ItemPrice>
      <UnitOfMeasurePrice>4.78</UnitOfMeasurePrice>
      <AllowDiscount>1</AllowDiscount>
      <itemStatus>1</itemStatus>
      <LastUpdateDate />
      <LastUpdateTime />
    </Product>
    <Product>
      <PriceUpdateDate>2017/08/17 10:59</PriceUpdateDate>
      <ItemCode>72986424</ItemCode>
      <ItemType>0</ItemType>
      <ItemName>גלידה פיינטים קרם עוגיות</ItemName>
      <ManufactureName>מוצרי איכות אמריקאיים בעמ</ManufactureName>
      <ManufactureCountry />
      <ManufactureItemDescription />
      <UnitQty>י"ח</UnitQty>
      <Quantity>750</Quantity>
      <UnitMeasure>ל  מ"ל</UnitMeasure>
      <BisWeighted>0</BisWeighted>
      <QtyInPackage>1</QtyInPackage>
      <ItemPrice>23.90</ItemPrice>
      <UnitOfMeasurePrice>3.19</UnitOfMeasurePrice>
      <AllowDiscount>1</AllowDiscount>
      <itemStatus>1</itemStatus>
      <LastUpdateDate />
      <LastUpdateTime />
    </Product>
    <Product>
      <PriceUpdateDate>2017/08/17 10:59</PriceUpdateDate>
      <ItemCode>72986448</ItemCode>
      <ItemType>0</ItemType>
      <ItemName>גלידה פיינטים טופי קראנץ</ItemName>
      <ManufactureName>מוצרי איכות אמריקאיים בעמ</ManufactureName>
      <ManufactureCountry />
      <ManufactureItemDescription />
      <UnitQty>י"ח</UnitQty>
      <Quantity>750</Quantity>
      <UnitMeasure>ל  מ"ל</UnitMeasure>
      <BisWeighted>0</BisWeighted>
      <QtyInPackage>1</QtyInPackage>
      <ItemPrice>23.90</ItemPrice>
      <UnitOfMeasurePrice>3.19</UnitOfMeasurePrice>
      <AllowDiscount>1</AllowDiscount>
      <itemStatus>1</itemStatus>
      <LastUpdateDate />
      <LastUpdateTime />
    </Product>
    <Product>
      <PriceUpdateDate>2017/08/17 10:59</PriceUpdateDate>
      <ItemCode>72986455</ItemCode>
      <ItemType>0</ItemType>
      <ItemName>גלידה פיינטים ניו-יורק סופר</ItemName>
      <ManufactureName>מוצרי איכות אמריקאיים בעמ</ManufactureName>
      <ManufactureCountry />
      <ManufactureItemDescription />
      <UnitQty>י"ח</UnitQty>
      <Quantity>500</Quantity>
      <UnitMeasure>ל  מ"ל</UnitMeasure>
      <BisWeighted>0</BisWeighted>
      <QtyInPackage>1</QtyInPackage>
      <ItemPrice>23.90</ItemPrice>
      <UnitOfMeasurePrice>4.78</UnitOfMeasurePrice>
      <AllowDiscount>1</AllowDiscount>
      <itemStatus>1</itemStatus>
      <LastUpdateDate />
      <LastUpdateTime />
    </Product>
    <Product>
      <PriceUpdateDate>2017/08/17 10:59</PriceUpdateDate>
      <ItemCode>72986479</ItemCode>
      <ItemType>0</ItemType>
      <ItemName>גלידה פיינטים צאנקי מנקי</ItemName>
      <ManufactureName>מוצרי איכות אמריקאיים בעמ</ManufactureName>
      <ManufactureCountry />
      <ManufactureItemDescription />
      <UnitQty>י"ח</UnitQty>
      <Quantity>500</Quantity>
      <UnitMeasure>ל  מ"ל</UnitMeasure>
      <BisWeighted>0</BisWeighted>
      <QtyInPackage>1</QtyInPackage>
      <ItemPrice>23.90</ItemPrice>
      <UnitOfMeasurePrice>4.78</UnitOfMeasurePrice>
      <AllowDiscount>1</AllowDiscount>
      <itemStatus>1</itemStatus>
      <LastUpdateDate />
      <LastUpdateTime />
    </Product>
    <Product>
      <PriceUpdateDate>2017/08/17 10:59</PriceUpdateDate>
      <ItemCode>72989425</ItemCode>
      <ItemType>0</ItemType>
      <ItemName>גלידה פיינטים שוקולד בראוניס</ItemName>
      <ManufactureName>מוצרי איכות אמריקאיים בעמ</ManufactureName>
      <ManufactureCountry />
      <ManufactureItemDescription />
      <UnitQty>י"ח</UnitQty>
      <Quantity>750</Quantity>
      <UnitMeasure>ל  מ"ל</UnitMeasure>
      <BisWeighted>0</BisWeighted>
      <QtyInPackage>1</QtyInPackage>
      <ItemPrice>23.90</ItemPrice>
      <UnitOfMeasurePrice>3.19</UnitOfMeasurePrice>
      <AllowDiscount>1</AllowDiscount>
      <itemStatus>1</itemStatus>
      <LastUpdateDate />
      <LastUpdateTime />
    </Product>
    <Product>
      <PriceUpdateDate>2016/05/02 18:13</PriceUpdateDate>
      <ItemCode>72991381</ItemCode>
      <ItemType>0</ItemType>
      <ItemName>טיים ארוך בודד</ItemName>
      <ManufactureName>דובק בעמ</ManufactureName>
      <ManufactureCountry />
      <ManufactureItemDescription />
      <UnitQty>י"ח</UnitQty>
      <Quantity>1</Quantity>
      <UnitMeasure />
      <BisWeighted>0</BisWeighted>
      <QtyInPackage>1</QtyInPackage>
      <ItemPrice>27.90</ItemPrice>
      <UnitOfMeasurePrice>27.90</UnitOfMeasurePrice>
      <AllowDiscount>0</AllowDiscount>
      <itemStatus>1</itemStatus>
      <LastUpdateDate />
      <LastUpdateTime />
    </Product>
    <Product>
      <PriceUpdateDate>2017/01/10 17:50</PriceUpdateDate>
      <ItemCode>72991466</ItemCode>
      <ItemType>0</ItemType>
      <ItemName>גולף ארוך</ItemName>
      <ManufactureName>דובק בעמ</ManufactureName>
      <ManufactureCountry />
      <ManufactureItemDescription />
      <UnitQty>י"ח</UnitQty>
      <Quantity>1</Quantity>
      <UnitMeasure />
      <BisWeighted>0</BisWeighted>
      <QtyInPackage>1</QtyInPackage>
      <ItemPrice>29.50</ItemPrice>
      <UnitOfMeasurePrice>29.50</UnitOfMeasurePrice>
      <AllowDiscount>0</AllowDiscount>
      <itemStatus>1</itemStatus>
      <LastUpdateDate />
      <LastUpdateTime />
    </Product>
    <Product>
      <PriceUpdateDate>2017/08/17 10:59</PriceUpdateDate>
      <ItemCode>72991886</ItemCode>
      <ItemType>0</ItemType>
      <ItemName>גלידה פיינטים דולציה דה לצ ה</ItemName>
      <ManufactureName>מוצרי איכות אמריקאיים בעמ</ManufactureName>
      <ManufactureCountry />
      <ManufactureItemDescription />
      <UnitQty>י"ח</UnitQty>
      <Quantity>500</Quantity>
      <UnitMeasure>ל  מ"ל</UnitMeasure>
      <BisWeighted>0</BisWeighted>
      <QtyInPackage>1</QtyInPackage>
      <ItemPrice>23.90</ItemPrice>
      <UnitOfMeasurePrice>4.78</UnitOfMeasurePrice>
      <AllowDiscount>1</AllowDiscount>
      <itemStatus>1</itemStatus>
      <LastUpdateDate />
      <LastUpdateTime />
    </Product>
    <Product>
      <PriceUpdateDate>2019/07/29 07:34</PriceUpdateDate>
      <ItemCode>72993477</ItemCode>
      <ItemType>0</ItemType>
      <ItemName>אל אם וייב</ItemName>
      <ManufactureName>פיליפ מוריס בעמ</ManufactureName>
      <ManufactureCountry />
      <ManufactureItemDescription />
      <UnitQty>י"ח</UnitQty>
      <Quantity>1</Quantity>
      <UnitMeasure />
      <BisWeighted>0</BisWeighted>
      <QtyInPackage>1</QtyInPackage>
      <ItemPrice>29.90</ItemPrice>
      <UnitOfMeasurePrice>29.90</UnitOfMeasurePrice>
      <AllowDiscount>0</AllowDiscount>
      <itemStatus>1</itemStatus>
      <LastUpdateDate />
      <LastUpdateTime />
    </Product>
    <Product>
      <PriceUpdateDate>2014/07/04 10:14</PriceUpdateDate>
      <ItemCode>72993637</ItemCode>
      <ItemType>0</ItemType>
      <ItemName>דני שוקולד בודד</ItemName>
      <ManufactureName>שטראוס גרופ ***בעמ</ManufactureName>
      <ManufactureCountry />
      <ManufactureItemDescription />
      <UnitQty>י"ח</UnitQty>
      <Quantity>125</Quantity>
      <UnitMeasure>ל  מ"ל</UnitMeasure>
      <BisWeighted>0</BisWeighted>
      <QtyInPackage>1</QtyInPackage>
      <ItemPrice>2.60</ItemPrice>
      <UnitOfMeasurePrice>2.08</UnitOfMeasurePrice>
      <AllowDiscount>0</AllowDiscount>
      <itemStatus>1</itemStatus>
      <LastUpdateDate />
      <LastUpdateTime />
    </Product>
    <Product>
      <PriceUpdateDate>2018/03/26 12:07</PriceUpdateDate>
      <ItemCode>72993927</ItemCode>
      <ItemType>0</ItemType>
      <ItemName>נקסט 100 בודד</ItemName>
      <ManufactureName>פיליפ מוריס בעמ</ManufactureName>
      <ManufactureCountry />
      <ManufactureItemDescription />
      <UnitQty>י"ח</UnitQty>
      <Quantity>1</Quantity>
      <UnitMeasure />
      <BisWeighted>0</BisWeighted>
      <QtyInPackage>1</QtyInPackage>
      <ItemPrice>28.80</ItemPrice>
      <UnitOfMeasurePrice>28.80</UnitOfMeasurePrice>
      <AllowDiscount>0</AllowDiscount>
      <itemStatus>1</itemStatus>
      <LastUpdateDate />
      <LastUpdateTime />
    </Product>
    <Product>
      <PriceUpdateDate>2019/07/08 14:15</PriceUpdateDate>
      <ItemCode>72994269</ItemCode>
      <ItemType>0</ItemType>
      <ItemName>מלבורו גולד  טאצ`7.1</ItemName>
      <ManufactureName>פיליפ מוריס בעמ</ManufactureName>
      <ManufactureCountry />
      <ManufactureItemDescription />
      <UnitQty>י"ח</UnitQty>
      <Quantity>1</Quantity>
      <UnitMeasure />
      <BisWeighted>0</BisWeighted>
      <QtyInPackage>1</QtyInPackage>
      <ItemPrice>30</ItemPrice>
      <UnitOfMeasurePrice>30</UnitOfMeasurePrice>
      <AllowDiscount>0</AllowDiscount>
      <itemStatus>1</itemStatus>
      <LastUpdateDate />
      <LastUpdateTime />
    </Product>
    <Product>
      <PriceUpdateDate>2019/07/09 12:10</PriceUpdateDate>
      <ItemCode>72994276</ItemCode>
      <ItemType>0</ItemType>
      <ItemName>מלבורו גולד  טאצ`7.1</ItemName>
      <ManufactureName>פיליפ מוריס בעמ</ManufactureName>
      <ManufactureCountry />
      <ManufactureItemDescription />
      <UnitQty>י"ח</UnitQty>
      <Quantity>1</Quantity>
      <UnitMeasure />
      <BisWeighted>0</BisWeighted>
      <QtyInPackage>1</QtyInPackage>
      <ItemPrice>30</ItemPrice>
      <UnitOfMeasurePrice>30</UnitOfMeasurePrice>
      <AllowDiscount>0</AllowDiscount>
      <itemStatus>1</itemStatus>
      <LastUpdateDate />
      <LastUpdateTime />
    </Product>
    <Product>
      <PriceUpdateDate>2018/03/26 12:07</PriceUpdateDate>
      <ItemCode>72994610</ItemCode>
      <ItemType>0</ItemType>
      <ItemName>נקסט ריסס 100</ItemName>
      <ManufactureName>פיליפ מוריס בעמ</ManufactureName>
      <ManufactureCountry />
      <ManufactureItemDescription />
      <UnitQty>י"ח</UnitQty>
      <Quantity>1</Quantity>
      <UnitMeasure />
      <BisWeighted>0</BisWeighted>
      <QtyInPackage>1</QtyInPackage>
      <ItemPrice>28.80</ItemPrice>
      <UnitOfMeasurePrice>28.80</UnitOfMeasurePrice>
      <AllowDiscount>0</AllowDiscount>
      <itemStatus>1</itemStatus>
      <LastUpdateDate />
      <LastUpdateTime />
    </Product>
    <Product>
      <PriceUpdateDate>2018/07/04 12:45</PriceUpdateDate>
      <ItemCode>72994627</ItemCode>
      <ItemType>0</ItemType>
      <ItemName>נקסט   אדג`בודד</ItemName>
      <ManufactureName>פיליפ מוריס בעמ</ManufactureName>
      <ManufactureCountry />
      <ManufactureItemDescription />
      <UnitQty>י"ח</UnitQty>
      <Quantity>1</Quantity>
      <UnitMeasure />
      <BisWeighted>0</BisWeighted>
      <QtyInPackage>1</QtyInPackage>
      <ItemPrice>25.90</ItemPrice>
      <UnitOfMeasurePrice>25.90</UnitOfMeasurePrice>
      <AllowDiscount>0</AllowDiscount>
      <itemStatus>1</itemStatus>
      <LastUpdateDate />
      <LastUpdateTime />
    </Product>
    <Product>
      <PriceUpdateDate>2018/07/04 12:46</PriceUpdateDate>
      <ItemCode>72994634</ItemCode>
      <ItemType>0</ItemType>
      <ItemName>נקסט פיין   אדג`בודד</ItemName>
      <ManufactureName>פיליפ מוריס בעמ</ManufactureName>
      <ManufactureCountry />
      <ManufactureItemDescription />
      <UnitQty>י"ח</UnitQty>
      <Quantity>1</Quantity>
      <UnitMeasure />
      <BisWeighted>0</BisWeighted>
      <QtyInPackage>1</QtyInPackage>
      <ItemPrice>25.90</ItemPrice>
      <UnitOfMeasurePrice>25.90</UnitOfMeasurePrice>
      <AllowDiscount>0</AllowDiscount>
      <itemStatus>1</itemStatus>
      <LastUpdateDate />
      <LastUpdateTime />
    </Product>
    <Product>
      <PriceUpdateDate>2016/05/29 13:20</PriceUpdateDate>
      <ItemCode>76136184</ItemCode>
      <ItemType>0</ItemType>
      <ItemName>פאל מל סלים בודד</ItemName>
      <ManufactureName>גלוברנדס בעמ</ManufactureName>
      <ManufactureCountry />
      <ManufactureItemDescription />
      <UnitQty>י"ח</UnitQty>
      <Quantity>1</Quantity>
      <UnitMeasure />
      <BisWeighted>0</BisWeighted>
      <QtyInPackage>1</QtyInPackage>
      <ItemPrice>28</ItemPrice>
      <UnitOfMeasurePrice>28</UnitOfMeasurePrice>
      <AllowDiscount>0</AllowDiscount>
      <itemStatus>1</itemStatus>
      <LastUpdateDate />
      <LastUpdateTime />
    </Product>
    <Product>
      <PriceUpdateDate>2020/01/01 13:28</PriceUpdateDate>
      <ItemCode>78084117</ItemCode>
      <ItemType>0</ItemType>
      <ItemName>רקסונה סטיק נשים כותנה 50גר</ItemName>
      <ManufactureName>יוניליוור ישראל שיווק בעמ</ManufactureName>
      <ManufactureCountry />
      <ManufactureItemDescription />
      <UnitQty>י"ח</UnitQty>
      <Quantity>1</Quantity>
      <UnitMeasure>י"ח</UnitMeasure>
      <BisWeighted>0</BisWeighted>
      <QtyInPackage>1</QtyInPackage>
      <ItemPrice>14.90</ItemPrice>
      <UnitOfMeasurePrice>14.90</UnitOfMeasurePrice>
      <AllowDiscount>0</AllowDiscount>
      <itemStatus>1</itemStatus>
      <LastUpdateDate />
      <LastUpdateTime />
    </Product>
    <Product>
      <PriceUpdateDate>2017/12/08 08:23</PriceUpdateDate>
      <ItemCode>80050780</ItemCode>
      <ItemType>0</ItemType>
      <ItemName>טיק טק מנטה נענע</ItemName>
      <ManufactureName>פרימיום - חברה לדברי מתיקה ולמ</ManufactureName>
      <ManufactureCountry />
      <ManufactureItemDescription />
      <UnitQty>י"ח</UnitQty>
      <Quantity>1</Quantity>
      <UnitMeasure />
      <BisWeighted>0</BisWeighted>
      <QtyInPackage>1</QtyInPackage>
      <ItemPrice>2.90</ItemPrice>
      <UnitOfMeasurePrice>2.90</UnitOfMeasurePrice>
      <AllowDiscount>0</AllowDiscount>
      <itemStatus>1</itemStatus>
      <LastUpdateDate />
      <LastUpdateTime />
    </Product>
    <Product>
      <PriceUpdateDate>2015/05/27 17:07</PriceUpdateDate>
      <ItemCode>80052760</ItemCode>
      <ItemType>0</ItemType>
      <ItemName>קינדר בואנו</ItemName>
      <ManufactureName>פרימיום - חברה לדברי מתיקה ולמ</ManufactureName>
      <ManufactureCountry />
      <ManufactureItemDescription />
      <UnitQty>י"ח</UnitQty>
      <Quantity>1</Quantity>
      <UnitMeasure />
      <BisWeighted>0</BisWeighted>
      <QtyInPackage>1</QtyInPackage>
      <ItemPrice>5</ItemPrice>
      <UnitOfMeasurePrice>5</UnitOfMeasurePrice>
      <AllowDiscount>1</AllowDiscount>
      <itemStatus>1</itemStatus>
      <LastUpdateDate />
      <LastUpdateTime />
    </Product>
    <Product>
      <PriceUpdateDate>2013/12/03 14:07</PriceUpdateDate>
      <ItemCode>80177609</ItemCode>
      <ItemType>0</ItemType>
      <ItemName>קינדר 50 גרם</ItemName>
      <ManufactureName>פרימיום - חברה לדברי מתיקה ולמ</ManufactureName>
      <ManufactureCountry />
      <ManufactureItemDescription />
      <UnitQty>י"ח</UnitQty>
      <Quantity>50</Quantity>
      <UnitMeasure>ל  גרם</UnitMeasure>
      <BisWeighted>0</BisWeighted>
      <QtyInPackage>1</QtyInPackage>
      <ItemPrice>3.80</ItemPrice>
      <UnitOfMeasurePrice>7.60</UnitOfMeasurePrice>
      <AllowDiscount>0</AllowDiscount>
      <itemStatus>1</itemStatus>
      <LastUpdateDate />
      <LastUpdateTime />
    </Product>
    <Product>
      <PriceUpdateDate>2018/02/21 12:01</PriceUpdateDate>
      <ItemCode>80773429</ItemCode>
      <ItemType>0</ItemType>
      <ItemName>מנטוס טעם תות בקבוק 60ג</ItemName>
      <ManufactureName>ליימן שליסל</ManufactureName>
      <ManufactureCountry />
      <ManufactureItemDescription />
      <UnitQty>י"ח</UnitQty>
      <Quantity>60</Quantity>
      <UnitMeasure>ל  גרם</UnitMeasure>
      <BisWeighted>0</BisWeighted>
      <QtyInPackage>1</QtyInPackage>
      <ItemPrice>9.90</ItemPrice>
      <UnitOfMeasurePrice>16.50</UnitOfMeasurePrice>
      <AllowDiscount>0</AllowDiscount>
      <itemStatus>1</itemStatus>
      <LastUpdateDate />
      <LastUpdateTime />
    </Product>
    <Product>
      <PriceUpdateDate>2017/06/19 11:07</PriceUpdateDate>
      <ItemCode>80790990</ItemCode>
      <ItemType>0</ItemType>
      <ItemName>מנטוס טעם מנטה  עדין בקבוק 60ג</ItemName>
      <ManufactureName>ליימן שליסל</ManufactureName>
      <ManufactureCountry />
      <ManufactureItemDescription />
      <UnitQty>י"ח</UnitQty>
      <Quantity>60</Quantity>
      <UnitMeasure>ל  גרם</UnitMeasure>
      <BisWeighted>0</BisWeighted>
      <QtyInPackage>1</QtyInPackage>
      <ItemPrice>9.90</ItemPrice>
      <UnitOfMeasurePrice>16.50</UnitOfMeasurePrice>
      <AllowDiscount>0</AllowDiscount>
      <itemStatus>1</itemStatus>
      <LastUpdateDate />
      <LastUpdateTime />
    </Product>
    <Product>
      <PriceUpdateDate>2014/10/01 14:05</PriceUpdateDate>
      <ItemCode>80850885</ItemCode>
      <ItemType>0</ItemType>
      <ItemName>מנטוס בוקס מנטה עדינה</ItemName>
      <ManufactureName>ליימן שליסל</ManufactureName>
      <ManufactureCountry />
      <ManufactureItemDescription />
      <UnitQty>י"ח</UnitQty>
      <Quantity>128</Quantity>
      <UnitMeasure>ל  גרם</UnitMeasure>
      <BisWeighted>0</BisWeighted>
      <QtyInPackage>1</QtyInPackage>
      <ItemPrice>8.90</ItemPrice>
      <UnitOfMeasurePrice>6.95</UnitOfMeasurePrice>
      <AllowDiscount>0</AllowDiscount>
      <itemStatus>1</itemStatus>
      <LastUpdateDate />
      <LastUpdateTime />
    </Product>
    <Product>
      <PriceUpdateDate>2018/02/21 12:01</PriceUpdateDate>
      <ItemCode>80896081</ItemCode>
      <ItemType>0</ItemType>
      <ItemName>מנטוס טעם אבטיח בקבוק 60ג</ItemName>
      <ManufactureName>ליימן שליסל</ManufactureName>
      <ManufactureCountry />
      <ManufactureItemDescription />
      <UnitQty>י"ח</UnitQty>
      <Quantity>60</Quantity>
      <UnitMeasure>ל  גרם</UnitMeasure>
      <BisWeighted>0</BisWeighted>
      <QtyInPackage>1</QtyInPackage>
      <ItemPrice>9.90</ItemPrice>
      <UnitOfMeasurePrice>16.50</UnitOfMeasurePrice>
      <AllowDiscount>0</AllowDiscount>
      <itemStatus>1</itemStatus>
      <LastUpdateDate />
      <LastUpdateTime />
    </Product>
    <Product>
      <PriceUpdateDate>2017/06/19 11:06</PriceUpdateDate>
      <ItemCode>80913467</ItemCode>
      <ItemType>0</ItemType>
      <ItemName>מנטוס טעם מנטה בקבוק 60ג</ItemName>
      <ManufactureName>ליימן שליסל</ManufactureName>
      <ManufactureCountry />
      <ManufactureItemDescription />
      <UnitQty>י"ח</UnitQty>
      <Quantity>60</Quantity>
      <UnitMeasure>ל  גרם</UnitMeasure>
      <BisWeighted>0</BisWeighted>
      <QtyInPackage>1</QtyInPackage>
      <ItemPrice>9.90</ItemPrice>
      <UnitOfMeasurePrice>16.50</UnitOfMeasurePrice>
      <AllowDiscount>0</AllowDiscount>
      <itemStatus>1</itemStatus>
      <LastUpdateDate />
      <LastUpdateTime />
    </Product>
    <Product>
      <PriceUpdateDate>2018/07/16 14:57</PriceUpdateDate>
      <ItemCode>80948698</ItemCode>
      <ItemType>0</ItemType>
      <ItemName>מנטוס טעם טרופי בקבוק 60ג</ItemName>
      <ManufactureName>ליימן שליסל</ManufactureName>
      <ManufactureCountry />
      <ManufactureItemDescription />
      <UnitQty>י"ח</UnitQty>
      <Quantity>60</Quantity>
      <UnitMeasure>ל  גרם</UnitMeasure>
      <BisWeighted>0</BisWeighted>
      <QtyInPackage>1</QtyInPackage>
      <ItemPrice>9.90</ItemPrice>
      <UnitOfMeasurePrice>16.50</UnitOfMeasurePrice>
      <AllowDiscount>0</AllowDiscount>
      <itemStatus>1</itemStatus>
      <LastUpdateDate />
      <LastUpdateTime />
    </Product>
    <Product>
      <PriceUpdateDate>2020/03/19 14:29</PriceUpdateDate>
      <ItemCode>87108019</ItemCode>
      <ItemType>0</ItemType>
      <ItemName>מנטוס גלילים</ItemName>
      <ManufactureName>ליימן שליסל</ManufactureName>
      <ManufactureCountry />
      <ManufactureItemDescription />
      <UnitQty>י"ח</UnitQty>
      <Quantity>37.50</Quantity>
      <UnitMeasure>ל  גרם</UnitMeasure>
      <BisWeighted>0</BisWeighted>
      <QtyInPackage>1</QtyInPackage>
      <ItemPrice>3.30</ItemPrice>
      <UnitOfMeasurePrice>8.80</UnitOfMeasurePrice>
      <AllowDiscount>0</AllowDiscount>
      <itemStatus>1</itemStatus>
      <LastUpdateDate />
      <LastUpdateTime />
    </Product>
    <Product>
      <PriceUpdateDate>2013/12/03 14:00</PriceUpdateDate>
      <ItemCode>87108712</ItemCode>
      <ItemType>0</ItemType>
      <ItemName>מנטוס פירות 1\4</ItemName>
      <ManufactureName>ליימן שליסל</ManufactureName>
      <ManufactureCountry />
      <ManufactureItemDescription />
      <UnitQty>י"ח</UnitQty>
      <Quantity>150</Quantity>
      <UnitMeasure>ל  גרם</UnitMeasure>
      <BisWeighted>0</BisWeighted>
      <QtyInPackage>1</QtyInPackage>
      <ItemPrice>11.90</ItemPrice>
      <UnitOfMeasurePrice>7.93</UnitOfMeasurePrice>
      <AllowDiscount>1</AllowDiscount>
      <itemStatus>1</itemStatus>
      <LastUpdateDate />
      <LastUpdateTime />
    </Product>
    <Product>
      <PriceUpdateDate>2019/07/29 07:34</PriceUpdateDate>
      <ItemCode>87248272</ItemCode>
      <ItemType>0</ItemType>
      <ItemName>מרלבורו גולד קצר סופט בודד</ItemName>
      <ManufactureName>פיליפ מוריס בעמ</ManufactureName>
      <ManufactureCountry />
      <ManufactureItemDescription />
      <UnitQty>י"ח</UnitQty>
      <Quantity>1</Quantity>
      <UnitMeasure />
      <BisWeighted>0</BisWeighted>
      <QtyInPackage>1</QtyInPackage>
      <ItemPrice>33.90</ItemPrice>
      <UnitOfMeasurePrice>33.90</UnitOfMeasurePrice>
      <AllowDiscount>0</AllowDiscount>
      <itemStatus>1</itemStatus>
      <LastUpdateDate />
      <LastUpdateTime />
    </Product>
    <Product>
      <PriceUpdateDate>2014/01/08 12:51</PriceUpdateDate>
      <ItemCode>90162800</ItemCode>
      <ItemType>0</ItemType>
      <ItemName>רד בול פחית 250 מ"ל</ItemName>
      <ManufactureName>דיפלומט בעמ</ManufactureName>
      <ManufactureCountry />
      <ManufactureItemDescription />
      <UnitQty>י"ח</UnitQty>
      <Quantity>250</Quantity>
      <UnitMeasure>ל  מ"ל</UnitMeasure>
      <BisWeighted>0</BisWeighted>
      <QtyInPackage>1</QtyInPackage>
      <ItemPrice>6.80</ItemPrice>
      <UnitOfMeasurePrice>2.60</UnitOfMeasurePrice>
      <AllowDiscount>1</AllowDiscount>
      <itemStatus>1</itemStatus>
      <LastUpdateDate />
      <LastUpdateTime />
    </Product>
    <Product>
      <PriceUpdateDate>2020/03/03 14:56</PriceUpdateDate>
      <ItemCode>8000700000050</ItemCode>
      <ItemType>1</ItemType>
      <ItemName>סבון מוצק DOVE*4</ItemName>
      <ManufactureName>יוניליוור ישראל שיווק בעמ</ManufactureName>
      <ManufactureCountry />
      <ManufactureItemDescription />
      <UnitQty>י"ח</UnitQty>
      <Quantity>400</Quantity>
      <UnitMeasure>ל  גרם</UnitMeasure>
      <BisWeighted>0</BisWeighted>
      <QtyInPackage>1</QtyInPackage>
      <ItemPrice>10.90</ItemPrice>
      <UnitOfMeasurePrice>2.73</UnitOfMeasurePrice>
      <AllowDiscount>0</AllowDiscount>
      <itemStatus>1</itemStatus>
      <LastUpdateDate />
      <LastUpdateTime />
    </Product>
    <Product>
      <PriceUpdateDate>2019/04/04 11:17</PriceUpdateDate>
      <ItemCode>8112100298</ItemCode>
      <ItemType>0</ItemType>
      <ItemName>שמן שומשום טהור  185מ"ל</ItemName>
      <ManufactureName>מזרח ומערב יבוא ושיווק</ManufactureName>
      <ManufactureCountry />
      <ManufactureItemDescription />
      <UnitQty>י"ח</UnitQty>
      <Quantity>185</Quantity>
      <UnitMeasure>ל  מ"ל</UnitMeasure>
      <BisWeighted>0</BisWeighted>
      <QtyInPackage>1</QtyInPackage>
      <ItemPrice>12.90</ItemPrice>
      <UnitOfMeasurePrice>6.97</UnitOfMeasurePrice>
      <AllowDiscount>0</AllowDiscount>
      <itemStatus>1</itemStatus>
      <LastUpdateDate />
      <LastUpdateTime />
    </Product>
    <Product>
      <PriceUpdateDate>2018/01/29 12:27</PriceUpdateDate>
      <ItemCode>8421368235</ItemCode>
      <ItemType>0</ItemType>
      <ItemName>בובת TY עיינים גדולות M נמר ורוד</ItemName>
      <ManufactureName>שמחה זה אנחנו</ManufactureName>
      <ManufactureCountry />
      <ManufactureItemDescription />
      <UnitQty>י"ח</UnitQty>
      <Quantity>1</Quantity>
      <UnitMeasure />
      <BisWeighted>0</BisWeighted>
      <QtyInPackage>1</QtyInPackage>
      <ItemPrice>55.90</ItemPrice>
      <UnitOfMeasurePrice>55.90</UnitOfMeasurePrice>
      <AllowDiscount>0</AllowDiscount>
      <itemStatus>1</itemStatus>
      <LastUpdateDate />
      <LastUpdateTime />
    </Product>
    <Product>
      <PriceUpdateDate>2018/01/29 12:29</PriceUpdateDate>
      <ItemCode>8421368259</ItemCode>
      <ItemType>0</ItemType>
      <ItemName>בובת TY עיינים גדולות M חד קרן</ItemName>
      <ManufactureName>שמחה זה אנחנו</ManufactureName>
      <ManufactureCountry />
      <ManufactureItemDescription />
      <UnitQty>י"ח</UnitQty>
      <Quantity>1</Quantity>
      <UnitMeasure />
      <BisWeighted>0</BisWeighted>
      <QtyInPackage>1</QtyInPackage>
      <ItemPrice>55.90</ItemPrice>
      <UnitOfMeasurePrice>55.90</UnitOfMeasurePrice>
      <AllowDiscount>0</AllowDiscount>
      <itemStatus>1</itemStatus>
      <LastUpdateDate />
      <LastUpdateTime />
    </Product>
    <Product>
      <PriceUpdateDate>2018/01/29 12:36</PriceUpdateDate>
      <ItemCode>8421368433</ItemCode>
      <ItemType>0</ItemType>
      <ItemName>בובת TY עיינים גדולותS עז</ItemName>
      <ManufactureName>שמחה זה אנחנו</ManufactureName>
      <ManufactureCountry />
      <ManufactureItemDescription />
      <UnitQty>י"ח</UnitQty>
      <Quantity>1</Quantity>
      <UnitMeasure />
      <BisWeighted>0</BisWeighted>
      <QtyInPackage>1</QtyInPackage>
      <ItemPrice>29.90</ItemPrice>
      <UnitOfMeasurePrice>29.90</UnitOfMeasurePrice>
      <AllowDiscount>0</AllowDiscount>
      <itemStatus>1</itemStatus>
      <LastUpdateDate />
      <LastUpdateTime />
    </Product>
    <Product>
      <PriceUpdateDate>2017/11/05 11:33</PriceUpdateDate>
      <ItemCode>8421412105</ItemCode>
      <ItemType>0</ItemType>
      <ItemName>בובת TY מפרץ הרפתקאות סקאיי</ItemName>
      <ManufactureName>שמחה זה אנחנו</ManufactureName>
      <ManufactureCountry />
      <ManufactureItemDescription />
      <UnitQty>י"ח</UnitQty>
      <Quantity>1</Quantity>
      <UnitMeasure />
      <BisWeighted>0</BisWeighted>
      <QtyInPackage>1</QtyInPackage>
      <ItemPrice>39.90</ItemPrice>
      <UnitOfMeasurePrice>39.90</UnitOfMeasurePrice>
      <AllowDiscount>0</AllowDiscount>
      <itemStatus>1</itemStatus>
      <LastUpdateDate />
      <LastUpdateTime />
    </Product>
    <Product>
      <PriceUpdateDate>2020/04/30 10:42</PriceUpdateDate>
      <ItemCode>8888888888</ItemCode>
      <ItemType>0</ItemType>
      <ItemName>0305</ItemName>
      <ManufactureName>לפ הוצ בולט תעשיו</ManufactureName>
      <ManufactureCountry />
      <ManufactureItemDescription />
      <UnitQty>י"ח</UnitQty>
      <Quantity>1</Quantity>
      <UnitMeasure />
      <BisWeighted>0</BisWeighted>
      <QtyInPackage>1</QtyInPackage>
      <ItemPrice>30.04</ItemPrice>
      <UnitOfMeasurePrice>30.04</UnitOfMeasurePrice>
      <AllowDiscount>0</AllowDiscount>
      <itemStatus>1</itemStatus>
      <LastUpdateDate />
      <LastUpdateTime />
    </Product>
    <Product>
      <PriceUpdateDate>2016/11/15 10:38</PriceUpdateDate>
      <ItemCode>9800800056</ItemCode>
      <ItemType>0</ItemType>
      <ItemName>נוטלה גו 52ג</ItemName>
      <ManufactureName>פרימיום - חברה לדברי מתיקה ולמ</ManufactureName>
      <ManufactureCountry />
      <ManufactureItemDescription />
      <UnitQty>י"ח</UnitQty>
      <Quantity>52</Quantity>
      <UnitMeasure>ל  גרם</UnitMeasure>
      <BisWeighted>0</BisWeighted>
      <QtyInPackage>1</QtyInPackage>
      <ItemPrice>5.90</ItemPrice>
      <UnitOfMeasurePrice>11.35</UnitOfMeasurePrice>
      <AllowDiscount>0</AllowDiscount>
      <itemStatus>1</itemStatus>
      <LastUpdateDate />
      <LastUpdateTime />
    </Product>
    <Product>
      <PriceUpdateDate>2020/05/03 08:25</PriceUpdateDate>
      <ItemCode>4015400824725</ItemCode>
      <ItemType>1</ItemType>
      <ItemName>טמפקס פלאש סופר 30 יח</ItemName>
      <ManufactureName>דיפלומט מפיצים 1968 בעמ</ManufactureName>
      <ManufactureCountry />
      <ManufactureItemDescription />
      <UnitQty>י"ח</UnitQty>
      <Quantity>1</Quantity>
      <UnitMeasure />
      <BisWeighted>0</BisWeighted>
      <QtyInPackage>1</QtyInPackage>
      <ItemPrice>34.70</ItemPrice>
      <UnitOfMeasurePrice>34.70</UnitOfMeasurePrice>
      <AllowDiscount>0</AllowDiscount>
      <itemStatus>1</itemStatus>
      <LastUpdateDate />
      <LastUpdateTime />
    </Product>
    <Product>
      <PriceUpdateDate>2014/10/06 13:27</PriceUpdateDate>
      <ItemCode>16000548404</ItemCode>
      <ItemType>0</ItemType>
      <ItemName>נייטשר קראנצ`י שיבולת שועל ודבש 1/5</ItemName>
      <ManufactureName>ליימן שליסל</ManufactureName>
      <ManufactureCountry />
      <ManufactureItemDescription />
      <UnitQty>י"ח</UnitQty>
      <Quantity>210</Quantity>
      <UnitMeasure>ל  גרם</UnitMeasure>
      <BisWeighted>0</BisWeighted>
      <QtyInPackage>1</QtyInPackage>
      <ItemPrice>19.90</ItemPrice>
      <UnitOfMeasurePrice>9.48</UnitOfMeasurePrice>
      <AllowDiscount>1</AllowDiscount>
      <itemStatus>1</itemStatus>
      <LastUpdateDate />
      <LastUpdateTime />
    </Product>
    <Product>
      <PriceUpdateDate>2014/10/06 13:27</PriceUpdateDate>
      <ItemCode>16000548503</ItemCode>
      <ItemType>0</ItemType>
      <ItemName>חטיף ניצ`ר ואלי  מייפל בסוכר חום</ItemName>
      <ManufactureName>ליימן שליסל</ManufactureName>
      <ManufactureCountry />
      <ManufactureItemDescription />
      <UnitQty>י"ח</UnitQty>
      <Quantity>210</Quantity>
      <UnitMeasure>ל  גרם</UnitMeasure>
      <BisWeighted>0</BisWeighted>
      <QtyInPackage>1</QtyInPackage>
      <ItemPrice>19.90</ItemPrice>
      <UnitOfMeasurePrice>9.48</UnitOfMeasurePrice>
      <AllowDiscount>1</AllowDiscount>
      <itemStatus>1</itemStatus>
      <LastUpdateDate />
      <LastUpdateTime />
    </Product>
    <Product>
      <PriceUpdateDate>2019/10/02 10:41</PriceUpdateDate>
      <ItemCode>16000548909</ItemCode>
      <ItemType>0</ItemType>
      <ItemName>נייטשר קראנצ`י בריאות מעורב 1/5</ItemName>
      <ManufactureName>ליימן שליסל</ManufactureName>
      <ManufactureCountry />
      <ManufactureItemDescription />
      <UnitQty>י"ח</UnitQty>
      <Quantity>210</Quantity>
      <UnitMeasure>ל  גרם</UnitMeasure>
      <BisWeighted>0</BisWeighted>
      <QtyInPackage>1</QtyInPackage>
      <ItemPrice>19.90</ItemPrice>
      <UnitOfMeasurePrice>9.48</UnitOfMeasurePrice>
      <AllowDiscount>1</AllowDiscount>
      <itemStatus>1</itemStatus>
      <LastUpdateDate />
      <LastUpdateTime />
    </Product>
    <Product>
      <PriceUpdateDate>2013/12/03 13:47</PriceUpdateDate>
      <ItemCode>18000701223</ItemCode>
      <ItemType>0</ItemType>
      <ItemName>תערובת לעוגת שוק</ItemName>
      <ManufactureName>ליימן שליסל</ManufactureName>
      <ManufactureCountry />
      <ManufactureItemDescription />
      <UnitQty>י"ח</UnitQty>
      <Quantity>517</Quantity>
      <UnitMeasure>ל  גרם</UnitMeasure>
      <BisWeighted>0</BisWeighted>
      <QtyInPackage>1</QtyInPackage>
      <ItemPrice>17.90</ItemPrice>
      <UnitOfMeasurePrice>3.46</UnitOfMeasurePrice>
      <AllowDiscount>1</AllowDiscount>
      <itemStatus>1</itemStatus>
      <LastUpdateDate />
      <LastUpdateTime />
    </Product>
    <Product>
      <PriceUpdateDate>2013/12/03 14:58</PriceUpdateDate>
      <ItemCode>18000766413</ItemCode>
      <ItemType>0</ItemType>
      <ItemName>תערובת לבראוניס</ItemName>
      <ManufactureName>ליימן שליסל</ManufactureName>
      <ManufactureCountry />
      <ManufactureItemDescription />
      <UnitQty>י"ח</UnitQty>
      <Quantity>609</Quantity>
      <UnitMeasure>ל  גרם</UnitMeasure>
      <BisWeighted>0</BisWeighted>
      <QtyInPackage>1</QtyInPackage>
      <ItemPrice>17.90</ItemPrice>
      <UnitOfMeasurePrice>2.94</UnitOfMeasurePrice>
      <AllowDiscount>1</AllowDiscount>
      <itemStatus>1</itemStatus>
      <LastUpdateDate />
      <LastUpdateTime />
    </Product>
    <Product>
      <PriceUpdateDate>2016/02/05 09:39</PriceUpdateDate>
      <ItemCode>25675120068</ItemCode>
      <ItemType>0</ItemType>
      <ItemName>ממתק מקלות בטעם קולה</ItemName>
      <ManufactureName>גורי ע.ע.ע. בעמ</ManufactureName>
      <ManufactureCountry />
      <ManufactureItemDescription />
      <UnitQty>י"ח</UnitQty>
      <Quantity>100</Quantity>
      <UnitMeasure>ל  גרם</UnitMeasure>
      <BisWeighted>0</BisWeighted>
      <QtyInPackage>1</QtyInPackage>
      <ItemPrice>7.90</ItemPrice>
      <UnitOfMeasurePrice>7.90</UnitOfMeasurePrice>
      <AllowDiscount>0</AllowDiscount>
      <itemStatus>1</itemStatus>
      <LastUpdateDate />
      <LastUpdateTime />
    </Product>
    <Product>
      <PriceUpdateDate>2016/01/24 10:12</PriceUpdateDate>
      <ItemCode>25675121027</ItemCode>
      <ItemType>0</ItemType>
      <ItemName>חמצוצים 115גר`</ItemName>
      <ManufactureName>גורי ע.ע.ע. בעמ</ManufactureName>
      <ManufactureCountry />
      <ManufactureItemDescription />
      <UnitQty>י"ח</UnitQty>
      <Quantity>115</Quantity>
      <UnitMeasure>ל  גרם</UnitMeasure>
      <BisWeighted>0</BisWeighted>
      <QtyInPackage>1</QtyInPackage>
      <ItemPrice>10.20</ItemPrice>
      <UnitOfMeasurePrice>8.87</UnitOfMeasurePrice>
      <AllowDiscount>0</AllowDiscount>
      <itemStatus>1</itemStatus>
      <LastUpdateDate />
      <LastUpdateTime />
    </Product>
    <Product>
      <PriceUpdateDate>2013/12/15 13:14</PriceUpdateDate>
      <ItemCode>25675301092</ItemCode>
      <ItemType>0</ItemType>
      <ItemName>חמצוצים 4 טעמים טבעי 40גר`</ItemName>
      <ManufactureName>גורי ע.ע.ע. בעמ</ManufactureName>
      <ManufactureCountry />
      <ManufactureItemDescription />
      <UnitQty>י"ח</UnitQty>
      <Quantity>40</Quantity>
      <UnitMeasure>ל  גרם</UnitMeasure>
      <BisWeighted>0</BisWeighted>
      <QtyInPackage>1</QtyInPackage>
      <ItemPrice>4.20</ItemPrice>
      <UnitOfMeasurePrice>10.50</UnitOfMeasurePrice>
      <AllowDiscount>0</AllowDiscount>
      <itemStatus>1</itemStatus>
      <LastUpdateDate />
      <LastUpdateTime />
    </Product>
    <Product>
      <PriceUpdateDate>2016/05/08 16:57</PriceUpdateDate>
      <ItemCode>25675301177</ItemCode>
      <ItemType>0</ItemType>
      <ItemName>חמצוצים דובדבן חמוץ 50ר</ItemName>
      <ManufactureName>גורי ע.ע.ע. בעמ</ManufactureName>
      <ManufactureCountry />
      <ManufactureItemDescription />
      <UnitQty>י"ח</UnitQty>
      <Quantity>50</Quantity>
      <UnitMeasure>ל  גרם</UnitMeasure>
      <BisWeighted>0</BisWeighted>
      <QtyInPackage>1</QtyInPackage>
      <ItemPrice>4</ItemPrice>
      <UnitOfMeasurePrice>8</UnitOfMeasurePrice>
      <AllowDiscount>0</AllowDiscount>
      <itemStatus>1</itemStatus>
      <LastUpdateDate />
      <LastUpdateTime />
    </Product>
    <Product>
      <PriceUpdateDate>2013/12/19 12:55</PriceUpdateDate>
      <ItemCode>31200001597</ItemCode>
      <ItemType>0</ItemType>
      <ItemName>חמוציות אושן ספריי 170גר</ItemName>
      <ManufactureName>ליימן שליסל</ManufactureName>
      <ManufactureCountry />
      <ManufactureItemDescription />
      <UnitQty>י"ח</UnitQty>
      <Quantity>170</Quantity>
      <UnitMeasure>ל  גרם</UnitMeasure>
      <BisWeighted>0</BisWeighted>
      <QtyInPackage>1</QtyInPackage>
      <ItemPrice>13.70</ItemPrice>
      <UnitOfMeasurePrice>8.06</UnitOfMeasurePrice>
      <AllowDiscount>0</AllowDiscount>
      <itemStatus>1</itemStatus>
      <LastUpdateDate />
      <LastUpdateTime />
    </Product>
    <Product>
      <PriceUpdateDate>2017/05/01 09:28</PriceUpdateDate>
      <ItemCode>33617000026</ItemCode>
      <ItemType>0</ItemType>
      <ItemName>וואזה מקמח מלא 260ג</ItemName>
      <ManufactureName>גורי מוצרי צריכה בעמ</ManufactureName>
      <ManufactureCountry />
      <ManufactureItemDescription />
      <UnitQty>י"ח</UnitQty>
      <Quantity>260</Quantity>
      <UnitMeasure>ל  גרם</UnitMeasure>
      <BisWeighted>0</BisWeighted>
      <QtyInPackage>1</QtyInPackage>
      <ItemPrice>13.90</ItemPrice>
      <UnitOfMeasurePrice>5.35</UnitOfMeasurePrice>
      <AllowDiscount>0</AllowDiscount>
      <itemStatus>1</itemStatus>
      <LastUpdateDate />
      <LastUpdateTime />
    </Product>
    <Product>
      <PriceUpdateDate>2019/06/11 09:31</PriceUpdateDate>
      <ItemCode>35000458476</ItemCode>
      <ItemType>0</ItemType>
      <ItemName>קולגייט מברשת ילדים מארז רביעייה</ItemName>
      <ManufactureName>ש.שסטוביץ בעמ</ManufactureName>
      <ManufactureCountry />
      <ManufactureItemDescription />
      <UnitQty>י"ח</UnitQty>
      <Quantity>1</Quantity>
      <UnitMeasure />
      <BisWeighted>0</BisWeighted>
      <QtyInPackage>1</QtyInPackage>
      <ItemPrice>19.90</ItemPrice>
      <UnitOfMeasurePrice>19.90</UnitOfMeasurePrice>
      <AllowDiscount>0</AllowDiscount>
      <itemStatus>1</itemStatus>
      <LastUpdateDate />
      <LastUpdateTime />
    </Product>
    <Product>
      <PriceUpdateDate>2019/11/11 12:23</PriceUpdateDate>
      <ItemCode>36000516876</ItemCode>
      <ItemType>0</ItemType>
      <ItemName>טישו קלינקס 75 3 שכבות</ItemName>
      <ManufactureName>קימברלי קלארק ישראל שיווק בעמ</ManufactureName>
      <ManufactureCountry />
      <ManufactureItemDescription />
      <UnitQty>י"ח</UnitQty>
      <Quantity>75</Quantity>
      <UnitMeasure>י"ח</UnitMeasure>
      <BisWeighted>0</BisWeighted>
      <QtyInPackage>1</QtyInPackage>
      <ItemPrice>12.90</ItemPrice>
      <UnitOfMeasurePrice>0.17</UnitOfMeasurePrice>
      <AllowDiscount>0</AllowDiscount>
      <itemStatus>1</itemStatus>
      <LastUpdateDate />
      <LastUpdateTime />
    </Product>
    <Product>
      <PriceUpdateDate>2019/11/11 12:23</PriceUpdateDate>
      <ItemCode>36000516890</ItemCode>
      <ItemType>0</ItemType>
      <ItemName>טישו קלינקס 120 3 שכבות</ItemName>
      <ManufactureName>קימברלי קלארק ישראל שיווק בעמ</ManufactureName>
      <ManufactureCountry />
      <ManufactureItemDescription />
      <UnitQty>י"ח</UnitQty>
      <Quantity>120</Quantity>
      <UnitMeasure>י"ח</UnitMeasure>
      <BisWeighted>0</BisWeighted>
      <QtyInPackage>1</QtyInPackage>
      <ItemPrice>21.90</ItemPrice>
      <UnitOfMeasurePrice>0.18</UnitOfMeasurePrice>
      <AllowDiscount>0</AllowDiscount>
      <itemStatus>1</itemStatus>
      <LastUpdateDate />
      <LastUpdateTime />
    </Product>
    <Product>
      <PriceUpdateDate>2020/02/03 10:06</PriceUpdateDate>
      <ItemCode>37600207188</ItemCode>
      <ItemType>0</ItemType>
      <ItemName>חמאת קלאסי סקופי</ItemName>
      <ManufactureName>דיפלומט בעמ</ManufactureName>
      <ManufactureCountry />
      <ManufactureItemDescription />
      <UnitQty>י"ח</UnitQty>
      <Quantity>462</Quantity>
      <UnitMeasure>ל  גרם</UnitMeasure>
      <BisWeighted>0</BisWeighted>
      <QtyInPackage>1</QtyInPackage>
      <ItemPrice>19.90</ItemPrice>
      <UnitOfMeasurePrice>4.31</UnitOfMeasurePrice>
      <AllowDiscount>0</AllowDiscount>
      <itemStatus>1</itemStatus>
      <LastUpdateDate />
      <LastUpdateTime />
    </Product>
    <Product>
      <PriceUpdateDate>2018/10/29 10:36</PriceUpdateDate>
      <ItemCode>37600207256</ItemCode>
      <ItemType>0</ItemType>
      <ItemName>חמאת בוטנים סקיפי עם שברי בוטנים 462 ג</ItemName>
      <ManufactureName>דיפלומט בעמ</ManufactureName>
      <ManufactureCountry />
      <ManufactureItemDescription />
      <UnitQty>י"ח</UnitQty>
      <Quantity>462</Quantity>
      <UnitMeasure>ל  גרם</UnitMeasure>
      <BisWeighted>0</BisWeighted>
      <QtyInPackage>1</QtyInPackage>
      <ItemPrice>19.90</ItemPrice>
      <UnitOfMeasurePrice>4.31</UnitOfMeasurePrice>
      <AllowDiscount>0</AllowDiscount>
      <itemStatus>1</itemStatus>
      <LastUpdateDate />
      <LastUpdateTime />
    </Product>
    <Product>
      <PriceUpdateDate>2017/07/13 17:08</PriceUpdateDate>
      <ItemCode>37977005288</ItemCode>
      <ItemType>0</ItemType>
      <ItemName>זוג מוצצי בנים 6+  אולטי סיליקון</ItemName>
      <ManufactureName>אלפא קוסמטיקה</ManufactureName>
      <ManufactureCountry />
      <ManufactureItemDescription />
      <UnitQty>י"ח</UnitQty>
      <Quantity>1</Quantity>
      <UnitMeasure />
      <BisWeighted>0</BisWeighted>
      <QtyInPackage>1</QtyInPackage>
      <ItemPrice>34.90</ItemPrice>
      <UnitOfMeasurePrice>34.90</UnitOfMeasurePrice>
      <AllowDiscount>0</AllowDiscount>
      <itemStatus>1</itemStatus>
      <LastUpdateDate />
      <LastUpdateTime />
    </Product>
    <Product>
      <PriceUpdateDate>2017/02/28 15:45</PriceUpdateDate>
      <ItemCode>38000138416</ItemCode>
      <ItemType>0</ItemType>
      <ItemName>פרינגלס אוריגינל 161 גר`פלקס</ItemName>
      <ManufactureName>דיפלומט בעמ</ManufactureName>
      <ManufactureCountry />
      <ManufactureItemDescription />
      <UnitQty>י"ח</UnitQty>
      <Quantity>161</Quantity>
      <UnitMeasure>ל  גרם</UnitMeasure>
      <BisWeighted>0</BisWeighted>
      <QtyInPackage>1</QtyInPackage>
      <ItemPrice>10.90</ItemPrice>
      <UnitOfMeasurePrice>6.77</UnitOfMeasurePrice>
      <AllowDiscount>1</AllowDiscount>
      <itemStatus>1</itemStatus>
      <LastUpdateDate />
      <LastUpdateTime />
    </Product>
    <Product>
      <PriceUpdateDate>2020/02/17 12:58</PriceUpdateDate>
      <ItemCode>38000232152</ItemCode>
      <ItemType>0</ItemType>
      <ItemName>פרינגלס ברביקיו 161 גר`פלקס</ItemName>
      <ManufactureName>דיפלומט בעמ</ManufactureName>
      <ManufactureCountry />
      <ManufactureItemDescription />
      <UnitQty>י"ח</UnitQty>
      <Quantity>161</Quantity>
      <UnitMeasure>ל  גרם</UnitMeasure>
      <BisWeighted>0</BisWeighted>
      <QtyInPackage>1</QtyInPackage>
      <ItemPrice>10.90</ItemPrice>
      <UnitOfMeasurePrice>6.77</UnitOfMeasurePrice>
      <AllowDiscount>1</AllowDiscount>
      <itemStatus>1</itemStatus>
      <LastUpdateDate />
      <LastUpdateTime />
    </Product>
    <Product>
      <PriceUpdateDate>2020/02/17 12:58</PriceUpdateDate>
      <ItemCode>38000232176</ItemCode>
      <ItemType>0</ItemType>
      <ItemName>פרינגלס שמנת בצל 161 גר`פלקס</ItemName>
      <ManufactureName>דיפלומט בעמ</ManufactureName>
      <ManufactureCountry />
      <ManufactureItemDescription />
      <UnitQty>י"ח</UnitQty>
      <Quantity>161</Quantity>
      <UnitMeasure>ל  גרם</UnitMeasure>
      <BisWeighted>0</BisWeighted>
      <QtyInPackage>1</QtyInPackage>
      <ItemPrice>10.90</ItemPrice>
      <UnitOfMeasurePrice>6.77</UnitOfMeasurePrice>
      <AllowDiscount>1</AllowDiscount>
      <itemStatus>1</itemStatus>
      <LastUpdateDate />
      <LastUpdateTime />
    </Product>
    <Product>
      <PriceUpdateDate>2020/02/17 12:58</PriceUpdateDate>
      <ItemCode>38000232183</ItemCode>
      <ItemType>0</ItemType>
      <ItemName>פרינגלס ברביקיו 161 גר`פלקס</ItemName>
      <ManufactureName>דיפלומט בעמ</ManufactureName>
      <ManufactureCountry />
      <ManufactureItemDescription />
      <UnitQty>י"ח</UnitQty>
      <Quantity>161</Quantity>
      <UnitMeasure>ל  גרם</UnitMeasure>
      <BisWeighted>0</BisWeighted>
      <QtyInPackage>1</QtyInPackage>
      <ItemPrice>10.90</ItemPrice>
      <UnitOfMeasurePrice>6.77</UnitOfMeasurePrice>
      <AllowDiscount>1</AllowDiscount>
      <itemStatus>1</itemStatus>
      <LastUpdateDate />
      <LastUpdateTime />
    </Product>
    <Product>
      <PriceUpdateDate>2017/11/08 11:33</PriceUpdateDate>
      <ItemCode>40000513582</ItemCode>
      <ItemType>0</ItemType>
      <ItemName>בוטנים  M M אריזה גדולה  156ג</ItemName>
      <ManufactureName>לפ מרס מולטיסיילס ישראל</ManufactureName>
      <ManufactureCountry />
      <ManufactureItemDescription />
      <UnitQty>י"ח</UnitQty>
      <Quantity>1560</Quantity>
      <UnitMeasure>ל  גרם</UnitMeasure>
      <BisWeighted>0</BisWeighted>
      <QtyInPackage>1</QtyInPackage>
      <ItemPrice>10.90</ItemPrice>
      <UnitOfMeasurePrice>0.70</UnitOfMeasurePrice>
      <AllowDiscount>0</AllowDiscount>
      <itemStatus>1</itemStatus>
      <LastUpdateDate />
      <LastUpdateTime />
    </Product>
    <Product>
      <PriceUpdateDate>2017/11/08 11:34</PriceUpdateDate>
      <ItemCode>40000513629</ItemCode>
      <ItemType>0</ItemType>
      <ItemName>חמאת בוטנים   M M אריזה גדולה  156ג</ItemName>
      <ManufactureName>לפ מרס מולטיסיילס ישראל</ManufactureName>
      <ManufactureCountry />
      <ManufactureItemDescription />
      <UnitQty>י"ח</UnitQty>
      <Quantity>1560</Quantity>
      <UnitMeasure>ל  גרם</UnitMeasure>
      <BisWeighted>0</BisWeighted>
      <QtyInPackage>1</QtyInPackage>
      <ItemPrice>10.90</ItemPrice>
      <UnitOfMeasurePrice>0.70</UnitOfMeasurePrice>
      <AllowDiscount>0</AllowDiscount>
      <itemStatus>1</itemStatus>
      <LastUpdateDate />
      <LastUpdateTime />
    </Product>
    <Product>
      <PriceUpdateDate>2019/12/31 11:14</PriceUpdateDate>
      <ItemCode>41000008436</ItemCode>
      <ItemType>0</ItemType>
      <ItemName>תה ירוק נטול קפאין 1/40</ItemName>
      <ManufactureName>יוניליוור ישראל שיווק בעמ</ManufactureName>
      <ManufactureCountry />
      <ManufactureItemDescription />
      <UnitQty>י"ח</UnitQty>
      <Quantity>40</Quantity>
      <UnitMeasure>י"ח</UnitMeasure>
      <BisWeighted>0</BisWeighted>
      <QtyInPackage>1</QtyInPackage>
      <ItemPrice>24.90</ItemPrice>
      <UnitOfMeasurePrice>0.62</UnitOfMeasurePrice>
      <AllowDiscount>0</AllowDiscount>
      <itemStatus>1</itemStatus>
      <LastUpdateDate />
      <LastUpdateTime />
    </Product>
    <Product>
      <PriceUpdateDate>2019/11/27 10:56</PriceUpdateDate>
      <ItemCode>44600012049</ItemCode>
      <ItemType>0</ItemType>
      <ItemName>כלורקס קלין אפמרסס 946 מ``ל</ItemName>
      <ManufactureName>לפ ספק כללי</ManufactureName>
      <ManufactureCountry />
      <ManufactureItemDescription />
      <UnitQty>י"ח</UnitQty>
      <Quantity>1</Quantity>
      <UnitMeasure />
      <BisWeighted>0</BisWeighted>
      <QtyInPackage>1</QtyInPackage>
      <ItemPrice>14.90</ItemPrice>
      <UnitOfMeasurePrice>14.90</UnitOfMeasurePrice>
      <AllowDiscount>0</AllowDiscount>
      <itemStatus>1</itemStatus>
      <LastUpdateDate />
      <LastUpdateTime />
    </Product>
    <Product>
      <PriceUpdateDate>2016/05/26 13:45</PriceUpdateDate>
      <ItemCode>46214372250</ItemCode>
      <ItemType>0</ItemType>
      <ItemName>עוגיות שטרודל 225 גרם תפוח מרבה</ItemName>
      <ManufactureName>ש.שסטוביץ בעמ</ManufactureName>
      <ManufactureCountry />
      <ManufactureItemDescription />
      <UnitQty>י"ח</UnitQty>
      <Quantity>225</Quantity>
      <UnitMeasure>ל  גרם</UnitMeasure>
      <BisWeighted>0</BisWeighted>
      <QtyInPackage>1</QtyInPackage>
      <ItemPrice>9.90</ItemPrice>
      <UnitOfMeasurePrice>4.40</UnitOfMeasurePrice>
      <AllowDiscount>1</AllowDiscount>
      <itemStatus>1</itemStatus>
      <LastUpdateDate />
      <LastUpdateTime />
    </Product>
    <Product>
      <PriceUpdateDate>2016/05/26 13:45</PriceUpdateDate>
      <ItemCode>46214382259</ItemCode>
      <ItemType>0</ItemType>
      <ItemName>עוגיות בראוניס 225 גרם</ItemName>
      <ManufactureName>ש.שסטוביץ בעמ</ManufactureName>
      <ManufactureCountry />
      <ManufactureItemDescription />
      <UnitQty>י"ח</UnitQty>
      <Quantity>225</Quantity>
      <UnitMeasure>ל  גרם</UnitMeasure>
      <BisWeighted>0</BisWeighted>
      <QtyInPackage>1</QtyInPackage>
      <ItemPrice>9.90</ItemPrice>
      <UnitOfMeasurePrice>4.40</UnitOfMeasurePrice>
      <AllowDiscount>1</AllowDiscount>
      <itemStatus>1</itemStatus>
      <LastUpdateDate />
      <LastUpdateTime />
    </Product>
    <Product>
      <PriceUpdateDate>2016/05/26 13:45</PriceUpdateDate>
      <ItemCode>46214731552</ItemCode>
      <ItemType>0</ItemType>
      <ItemName>עוגיות שוקו צ יפ מרבה</ItemName>
      <ManufactureName>ש.שסטוביץ בעמ</ManufactureName>
      <ManufactureCountry />
      <ManufactureItemDescription />
      <UnitQty>י"ח</UnitQty>
      <Quantity>225</Quantity>
      <UnitMeasure>ל  גרם</UnitMeasure>
      <BisWeighted>0</BisWeighted>
      <QtyInPackage>1</QtyInPackage>
      <ItemPrice>9.90</ItemPrice>
      <UnitOfMeasurePrice>4.40</UnitOfMeasurePrice>
      <AllowDiscount>1</AllowDiscount>
      <itemStatus>1</itemStatus>
      <LastUpdateDate />
      <LastUpdateTime />
    </Product>
    <Product>
      <PriceUpdateDate>2019/05/12 09:07</PriceUpdateDate>
      <ItemCode>52100136387</ItemCode>
      <ItemType>0</ItemType>
      <ItemName>תערובת תיבול שום ופלפל</ItemName>
      <ManufactureName>ר.ב. מוצרי דגנים בעמ</ManufactureName>
      <ManufactureCountry />
      <ManufactureItemDescription />
      <UnitQty>י"ח</UnitQty>
      <Quantity>34</Quantity>
      <UnitMeasure>ל  גרם</UnitMeasure>
      <BisWeighted>0</BisWeighted>
      <QtyInPackage>1</QtyInPackage>
      <ItemPrice>18.90</ItemPrice>
      <UnitOfMeasurePrice>55.59</UnitOfMeasurePrice>
      <AllowDiscount>0</AllowDiscount>
      <itemStatus>1</itemStatus>
      <LastUpdateDate />
      <LastUpdateTime />
    </Product>
    <Product>
      <PriceUpdateDate>2016/09/21 12:14</PriceUpdateDate>
      <ItemCode>55500012046</ItemCode>
      <ItemType>0</ItemType>
      <ItemName>קלין אפ מרסס+פיין סול כלורוקס</ItemName>
      <ManufactureName>גורי מוצרי צריכה בעמ</ManufactureName>
      <ManufactureCountry />
      <ManufactureItemDescription />
      <UnitQty>י"ח</UnitQty>
      <Quantity>946</Quantity>
      <UnitMeasure>ל  מ"ל</UnitMeasure>
      <BisWeighted>0</BisWeighted>
      <QtyInPackage>1</QtyInPackage>
      <ItemPrice>17.90</ItemPrice>
      <UnitOfMeasurePrice>1.89</UnitOfMeasurePrice>
      <AllowDiscount>0</AllowDiscount>
      <itemStatus>1</itemStatus>
      <LastUpdateDate />
      <LastUpdateTime />
    </Product>
    <Product>
      <PriceUpdateDate>2015/01/01 10:39</PriceUpdateDate>
      <ItemCode>64144090013</ItemCode>
      <ItemType>0</ItemType>
      <ItemName>תרסיס שמן בטעם חמאה</ItemName>
      <ManufactureName>ליימן שליסל</ManufactureName>
      <ManufactureCountry />
      <ManufactureItemDescription />
      <UnitQty>י"ח</UnitQty>
      <Quantity>141</Quantity>
      <UnitMeasure>ל  מ"ל</UnitMeasure>
      <BisWeighted>0</BisWeighted>
      <QtyInPackage>1</QtyInPackage>
      <ItemPrice>19.90</ItemPrice>
      <UnitOfMeasurePrice>14.11</UnitOfMeasurePrice>
      <AllowDiscount>1</AllowDiscount>
      <itemStatus>1</itemStatus>
      <LastUpdateDate />
      <LastUpdateTime />
    </Product>
    <Product>
      <PriceUpdateDate>2015/08/16 11:32</PriceUpdateDate>
      <ItemCode>64144090051</ItemCode>
      <ItemType>0</ItemType>
      <ItemName>תרסיס שמן פאם קנולה 148 ג</ItemName>
      <ManufactureName>ליימן שליסל</ManufactureName>
      <ManufactureCountry />
      <ManufactureItemDescription />
      <UnitQty>י"ח</UnitQty>
      <Quantity>148</Quantity>
      <UnitMeasure>ל  מ"ל</UnitMeasure>
      <BisWeighted>0</BisWeighted>
      <QtyInPackage>1</QtyInPackage>
      <ItemPrice>19.90</ItemPrice>
      <UnitOfMeasurePrice>13.45</UnitOfMeasurePrice>
      <AllowDiscount>1</AllowDiscount>
      <itemStatus>1</itemStatus>
      <LastUpdateDate />
      <LastUpdateTime />
    </Product>
    <Product>
      <PriceUpdateDate>2016/12/07 09:21</PriceUpdateDate>
      <ItemCode>70970471001</ItemCode>
      <ItemType>0</ItemType>
      <ItemName>סוכריות מייק  אייק אייס 102גר</ItemName>
      <ManufactureName>גורי מוצרי צריכה בעמ</ManufactureName>
      <ManufactureCountry />
      <ManufactureItemDescription />
      <UnitQty>י"ח</UnitQty>
      <Quantity>170</Quantity>
      <UnitMeasure>ל  גרם</UnitMeasure>
      <BisWeighted>0</BisWeighted>
      <QtyInPackage>1</QtyInPackage>
      <ItemPrice>9.90</ItemPrice>
      <UnitOfMeasurePrice>5.82</UnitOfMeasurePrice>
      <AllowDiscount>0</AllowDiscount>
      <itemStatus>1</itemStatus>
      <LastUpdateDate />
      <LastUpdateTime />
    </Product>
    <Product>
      <PriceUpdateDate>2015/12/13 11:06</PriceUpdateDate>
      <ItemCode>70970471254</ItemCode>
      <ItemType>0</ItemType>
      <ItemName>סוכריות מייק אייק אייס 141ג</ItemName>
      <ManufactureName>גורי מוצרי צריכה בעמ</ManufactureName>
      <ManufactureCountry />
      <ManufactureItemDescription />
      <UnitQty>י"ח</UnitQty>
      <Quantity>141</Quantity>
      <UnitMeasure>ל  גרם</UnitMeasure>
      <BisWeighted>0</BisWeighted>
      <QtyInPackage>1</QtyInPackage>
      <ItemPrice>9.90</ItemPrice>
      <UnitOfMeasurePrice>7.02</UnitOfMeasurePrice>
      <AllowDiscount>0</AllowDiscount>
      <itemStatus>1</itemStatus>
      <LastUpdateDate />
      <LastUpdateTime />
    </Product>
    <Product>
      <PriceUpdateDate>2016/12/07 09:21</PriceUpdateDate>
      <ItemCode>70970471278</ItemCode>
      <ItemType>0</ItemType>
      <ItemName>סוכריות מייק  אייק אייס 102גר</ItemName>
      <ManufactureName>גורי מוצרי צריכה בעמ</ManufactureName>
      <ManufactureCountry />
      <ManufactureItemDescription />
      <UnitQty>י"ח</UnitQty>
      <Quantity>170</Quantity>
      <UnitMeasure>ל  גרם</UnitMeasure>
      <BisWeighted>0</BisWeighted>
      <QtyInPackage>1</QtyInPackage>
      <ItemPrice>9.90</ItemPrice>
      <UnitOfMeasurePrice>5.82</UnitOfMeasurePrice>
      <AllowDiscount>0</AllowDiscount>
      <itemStatus>1</itemStatus>
      <LastUpdateDate />
      <LastUpdateTime />
    </Product>
    <Product>
      <PriceUpdateDate>2016/10/07 08:32</PriceUpdateDate>
      <ItemCode>70970479397</ItemCode>
      <ItemType>0</ItemType>
      <ItemName>סוכריות גלי תפו"ע חמוץ 102גר</ItemName>
      <ManufactureName>גורי מוצרי צריכה בעמ</ManufactureName>
      <ManufactureCountry />
      <ManufactureItemDescription />
      <UnitQty>י"ח</UnitQty>
      <Quantity>102</Quantity>
      <UnitMeasure>ל  גרם</UnitMeasure>
      <BisWeighted>0</BisWeighted>
      <QtyInPackage>1</QtyInPackage>
      <ItemPrice>9.90</ItemPrice>
      <UnitOfMeasurePrice>9.71</UnitOfMeasurePrice>
      <AllowDiscount>0</AllowDiscount>
      <itemStatus>1</itemStatus>
      <LastUpdateDate />
      <LastUpdateTime />
    </Product>
    <Product>
      <PriceUpdateDate>2015/08/17 14:01</PriceUpdateDate>
      <ItemCode>73490129919</ItemCode>
      <ItemType>0</ItemType>
      <ItemName>ביסקויט 250ג</ItemName>
      <ManufactureName>רזיט שיווק בעמ</ManufactureName>
      <ManufactureCountry />
      <ManufactureItemDescription />
      <UnitQty>י"ח</UnitQty>
      <Quantity>250</Quantity>
      <UnitMeasure>ל  גרם</UnitMeasure>
      <BisWeighted>0</BisWeighted>
      <QtyInPackage>1</QtyInPackage>
      <ItemPrice>4.60</ItemPrice>
      <UnitOfMeasurePrice>1.84</UnitOfMeasurePrice>
      <AllowDiscount>0</AllowDiscount>
      <itemStatus>1</itemStatus>
      <LastUpdateDate />
      <LastUpdateTime />
    </Product>
    <Product>
      <PriceUpdateDate>2017/08/17 10:59</PriceUpdateDate>
      <ItemCode>76840100583</ItemCode>
      <ItemType>0</ItemType>
      <ItemName>גלידה פיינטים בצק עוגיות 473 מל</ItemName>
      <ManufactureName>מוצרי איכות אמריקאיים בעמ</ManufactureName>
      <ManufactureCountry />
      <ManufactureItemDescription />
      <UnitQty>י"ח</UnitQty>
      <Quantity>750</Quantity>
      <UnitMeasure>ל  מ"ל</UnitMeasure>
      <BisWeighted>0</BisWeighted>
      <QtyInPackage>1</QtyInPackage>
      <ItemPrice>23.90</ItemPrice>
      <UnitOfMeasurePrice>3.19</UnitOfMeasurePrice>
      <AllowDiscount>1</AllowDiscount>
      <itemStatus>1</itemStatus>
      <LastUpdateDate />
      <LastUpdateTime />
    </Product>
    <Product>
      <PriceUpdateDate>2017/08/17 10:59</PriceUpdateDate>
      <ItemCode>76840100811</ItemCode>
      <ItemType>0</ItemType>
      <ItemName>גלידת בן אנד גריס 473מ"ל באטר קאפ</ItemName>
      <ManufactureName>מוצרי איכות אמריקאיים בעמ</ManufactureName>
      <ManufactureCountry />
      <ManufactureItemDescription />
      <UnitQty>י"ח</UnitQty>
      <Quantity>473</Quantity>
      <UnitMeasure>ל  מ"ל</UnitMeasure>
      <BisWeighted>0</BisWeighted>
      <QtyInPackage>1</QtyInPackage>
      <ItemPrice>23.90</ItemPrice>
      <UnitOfMeasurePrice>5.05</UnitOfMeasurePrice>
      <AllowDiscount>1</AllowDiscount>
      <itemStatus>1</itemStatus>
      <LastUpdateDate />
      <LastUpdateTime />
    </Product>
    <Product>
      <PriceUpdateDate>2017/08/17 10:59</PriceUpdateDate>
      <ItemCode>76840400027</ItemCode>
      <ItemType>0</ItemType>
      <ItemName>גלידה פיינטים שוקולד</ItemName>
      <ManufactureName>מוצרי איכות אמריקאיים בעמ</ManufactureName>
      <ManufactureCountry />
      <ManufactureItemDescription />
      <UnitQty>י"ח</UnitQty>
      <Quantity>500</Quantity>
      <UnitMeasure>ל  מ"ל</UnitMeasure>
      <BisWeighted>0</BisWeighted>
      <QtyInPackage>1</QtyInPackage>
      <ItemPrice>23.90</ItemPrice>
      <UnitOfMeasurePrice>4.78</UnitOfMeasurePrice>
      <AllowDiscount>1</AllowDiscount>
      <itemStatus>1</itemStatus>
      <LastUpdateDate />
      <LastUpdateTime />
    </Product>
    <Product>
      <PriceUpdateDate>2017/08/17 10:59</PriceUpdateDate>
      <ItemCode>76840400218</ItemCode>
      <ItemType>0</ItemType>
      <ItemName>גלידת בן אנד גריס 473מ"לעוגת גבינה עם</ItemName>
      <ManufactureName>מוצרי איכות אמריקאיים בעמ</ManufactureName>
      <ManufactureCountry />
      <ManufactureItemDescription />
      <UnitQty>י"ח</UnitQty>
      <Quantity>473</Quantity>
      <UnitMeasure>ל  מ"ל</UnitMeasure>
      <BisWeighted>0</BisWeighted>
      <QtyInPackage>1</QtyInPackage>
      <ItemPrice>23.90</ItemPrice>
      <UnitOfMeasurePrice>5.05</UnitOfMeasurePrice>
      <AllowDiscount>1</AllowDiscount>
      <itemStatus>1</itemStatus>
      <LastUpdateDate />
      <LastUpdateTime />
    </Product>
    <Product>
      <PriceUpdateDate>2018/03/18 08:56</PriceUpdateDate>
      <ItemCode>76840462858</ItemCode>
      <ItemType>0</ItemType>
      <ItemName>גלידה פיינטים בום צ`וקולטה 473מ"ל</ItemName>
      <ManufactureName>מוצרי איכות אמריקאיים בעמ</ManufactureName>
      <ManufactureCountry />
      <ManufactureItemDescription />
      <UnitQty>י"ח</UnitQty>
      <Quantity>473</Quantity>
      <UnitMeasure>ל  מ"ל</UnitMeasure>
      <BisWeighted>0</BisWeighted>
      <QtyInPackage>1</QtyInPackage>
      <ItemPrice>23.90</ItemPrice>
      <UnitOfMeasurePrice>5.05</UnitOfMeasurePrice>
      <AllowDiscount>1</AllowDiscount>
      <itemStatus>1</itemStatus>
      <LastUpdateDate />
      <LastUpdateTime />
    </Product>
    <Product>
      <PriceUpdateDate>2018/03/18 08:56</PriceUpdateDate>
      <ItemCode>76840551941</ItemCode>
      <ItemType>0</ItemType>
      <ItemName>גלידה פיינטים עוגת גבינה ועוגיות</ItemName>
      <ManufactureName>מוצרי איכות אמריקאיים בעמ</ManufactureName>
      <ManufactureCountry />
      <ManufactureItemDescription />
      <UnitQty>י"ח</UnitQty>
      <Quantity>473</Quantity>
      <UnitMeasure>ל  מ"ל</UnitMeasure>
      <BisWeighted>0</BisWeighted>
      <QtyInPackage>1</QtyInPackage>
      <ItemPrice>23.90</ItemPrice>
      <UnitOfMeasurePrice>5.05</UnitOfMeasurePrice>
      <AllowDiscount>1</AllowDiscount>
      <itemStatus>1</itemStatus>
      <LastUpdateDate />
      <LastUpdateTime />
    </Product>
    <Product>
      <PriceUpdateDate>2017/10/03 18:04</PriceUpdateDate>
      <ItemCode>76840580743</ItemCode>
      <ItemType>0</ItemType>
      <ItemName>גלידה בן ג`ריס 473מ"ל שוקולד ללא חלב</ItemName>
      <ManufactureName>מוצרי איכות אמריקאיים בעמ</ManufactureName>
      <ManufactureCountry />
      <ManufactureItemDescription />
      <UnitQty>י"ח</UnitQty>
      <Quantity>473</Quantity>
      <UnitMeasure>ל  מ"ל</UnitMeasure>
      <BisWeighted>0</BisWeighted>
      <QtyInPackage>1</QtyInPackage>
      <ItemPrice>27.90</ItemPrice>
      <UnitOfMeasurePrice>5.90</UnitOfMeasurePrice>
      <AllowDiscount>0</AllowDiscount>
      <itemStatus>1</itemStatus>
      <LastUpdateDate />
      <LastUpdateTime />
    </Product>
    <Product>
      <PriceUpdateDate>2018/07/16 13:47</PriceUpdateDate>
      <ItemCode>77245110610</ItemCode>
      <ItemType>0</ItemType>
      <ItemName>סוכריות מאסט מנטה ללא סוכ</ItemName>
      <ManufactureName>שטראוס גרופ בעמ</ManufactureName>
      <ManufactureCountry />
      <ManufactureItemDescription />
      <UnitQty>י"ח</UnitQty>
      <Quantity>80</Quantity>
      <UnitMeasure>ל  גרם</UnitMeasure>
      <BisWeighted>0</BisWeighted>
      <QtyInPackage>1</QtyInPackage>
      <ItemPrice>8.40</ItemPrice>
      <UnitOfMeasurePrice>10.50</UnitOfMeasurePrice>
      <AllowDiscount>0</AllowDiscount>
      <itemStatus>1</itemStatus>
      <LastUpdateDate />
      <LastUpdateTime />
    </Product>
    <Product>
      <PriceUpdateDate>2018/05/28 16:19</PriceUpdateDate>
      <ItemCode>77975088210</ItemCode>
      <ItemType>0</ItemType>
      <ItemName>סניידרס שברי בייגל גבינת צ`אדר 340גר</ItemName>
      <ManufactureName>ליימן שליסל</ManufactureName>
      <ManufactureCountry />
      <ManufactureItemDescription />
      <UnitQty>י"ח</UnitQty>
      <Quantity>340</Quantity>
      <UnitMeasure>ל  גרם</UnitMeasure>
      <BisWeighted>0</BisWeighted>
      <QtyInPackage>1</QtyInPackage>
      <ItemPrice>15.90</ItemPrice>
      <UnitOfMeasurePrice>4.68</UnitOfMeasurePrice>
      <AllowDiscount>0</AllowDiscount>
      <itemStatus>1</itemStatus>
      <LastUpdateDate />
      <LastUpdateTime />
    </Product>
    <Product>
      <PriceUpdateDate>2018/05/28 16:19</PriceUpdateDate>
      <ItemCode>77975088227</ItemCode>
      <ItemType>0</ItemType>
      <ItemName>סניידרס שברי בייגל  בצל,חרדל ודבש 340ג</ItemName>
      <ManufactureName>ליימן שליסל</ManufactureName>
      <ManufactureCountry />
      <ManufactureItemDescription />
      <UnitQty>י"ח</UnitQty>
      <Quantity>340</Quantity>
      <UnitMeasure>ל  גרם</UnitMeasure>
      <BisWeighted>0</BisWeighted>
      <QtyInPackage>1</QtyInPackage>
      <ItemPrice>15.90</ItemPrice>
      <UnitOfMeasurePrice>4.68</UnitOfMeasurePrice>
      <AllowDiscount>0</AllowDiscount>
      <itemStatus>1</itemStatus>
      <LastUpdateDate />
      <LastUpdateTime />
    </Product>
    <Product>
      <PriceUpdateDate>2019/12/31 11:14</PriceUpdateDate>
      <ItemCode>79400527554</ItemCode>
      <ItemType>0</ItemType>
      <ItemName>אקס סטיק  אדרנלין</ItemName>
      <ManufactureName>יוניליוור ישראל שיווק בעמ</ManufactureName>
      <ManufactureCountry />
      <ManufactureItemDescription />
      <UnitQty>י"ח</UnitQty>
      <Quantity>1</Quantity>
      <UnitMeasure>י"ח</UnitMeasure>
      <BisWeighted>0</BisWeighted>
      <QtyInPackage>1</QtyInPackage>
      <ItemPrice>14.90</ItemPrice>
      <UnitOfMeasurePrice>14.90</UnitOfMeasurePrice>
      <AllowDiscount>0</AllowDiscount>
      <itemStatus>1</itemStatus>
      <LastUpdateDate />
      <LastUpdateTime />
    </Product>
    <Product>
      <PriceUpdateDate>2016/04/03 18:44</PriceUpdateDate>
      <ItemCode>80432402931</ItemCode>
      <ItemType>0</ItemType>
      <ItemName>וויסקי שיבאס רגאל 700מ"ל</ItemName>
      <ManufactureName>טמפו משקאות בעמ</ManufactureName>
      <ManufactureCountry />
      <ManufactureItemDescription />
      <UnitQty>י"ח</UnitQty>
      <Quantity>700</Quantity>
      <UnitMeasure>ל  מ"ל</UnitMeasure>
      <BisWeighted>0</BisWeighted>
      <QtyInPackage>1</QtyInPackage>
      <ItemPrice>129.90</ItemPrice>
      <UnitOfMeasurePrice>18.51</UnitOfMeasurePrice>
      <AllowDiscount>1</AllowDiscount>
      <itemStatus>1</itemStatus>
      <LastUpdateDate />
      <LastUpdateTime />
    </Product>
    <Product>
      <PriceUpdateDate>2013/12/02 11:35</PriceUpdateDate>
      <ItemCode>80518532743</ItemCode>
      <ItemType>0</ItemType>
      <ItemName>שקית בלונים</ItemName>
      <ManufactureName>שמחה זה אנחנו</ManufactureName>
      <ManufactureCountry />
      <ManufactureItemDescription />
      <UnitQty>י"ח</UnitQty>
      <Quantity>1</Quantity>
      <UnitMeasure />
      <BisWeighted>0</BisWeighted>
      <QtyInPackage>1</QtyInPackage>
      <ItemPrice>12</ItemPrice>
      <UnitOfMeasurePrice>12</UnitOfMeasurePrice>
      <AllowDiscount>0</AllowDiscount>
      <itemStatus>1</itemStatus>
      <LastUpdateDate />
      <LastUpdateTime />
    </Product>
    <Product>
      <PriceUpdateDate>2016/09/27 09:15</PriceUpdateDate>
      <ItemCode>7290100700157</ItemCode>
      <ItemType>1</ItemType>
      <ItemName>אורז סושי 1ק"ג סוגת</ItemName>
      <ManufactureName>סוגת תעשיות בעמ</ManufactureName>
      <ManufactureCountry />
      <ManufactureItemDescription />
      <UnitQty>י"ח</UnitQty>
      <Quantity>1</Quantity>
      <UnitMeasure>ק"ג</UnitMeasure>
      <BisWeighted>0</BisWeighted>
      <QtyInPackage>1</QtyInPackage>
      <ItemPrice>12.90</ItemPrice>
      <UnitOfMeasurePrice>12.90</UnitOfMeasurePrice>
      <AllowDiscount>1</AllowDiscount>
      <itemStatus>1</itemStatus>
      <LastUpdateDate />
      <LastUpdateTime />
    </Product>
    <Product>
      <PriceUpdateDate>2020/04/05 18:51</PriceUpdateDate>
      <ItemCode>8410104045111</ItemCode>
      <ItemType>1</ItemType>
      <ItemName>פיניש מלח למדיח</ItemName>
      <ManufactureName>רקיט בנקיזר (ניר איסט) בעמ</ManufactureName>
      <ManufactureCountry />
      <ManufactureItemDescription />
      <UnitQty>י"ח</UnitQty>
      <Quantity>1</Quantity>
      <UnitMeasure>י"ח</UnitMeasure>
      <BisWeighted>0</BisWeighted>
      <QtyInPackage>1</QtyInPackage>
      <ItemPrice>11.90</ItemPrice>
      <UnitOfMeasurePrice>11.90</UnitOfMeasurePrice>
      <AllowDiscount>0</AllowDiscount>
      <itemStatus>1</itemStatus>
      <LastUpdateDate />
      <LastUpdateTime />
    </Product>
    <Product>
      <PriceUpdateDate>2019/09/23 08:09</PriceUpdateDate>
      <ItemCode>608614253654</ItemCode>
      <ItemType>0</ItemType>
      <ItemName>תמרים בקרטון 1ק"ג S.</ItemName>
      <ManufactureName>טוב המושב</ManufactureName>
      <ManufactureCountry />
      <ManufactureItemDescription />
      <UnitQty>י"ח</UnitQty>
      <Quantity>1</Quantity>
      <UnitMeasure>ק"ג</UnitMeasure>
      <BisWeighted>0</BisWeighted>
      <QtyInPackage>1</QtyInPackage>
      <ItemPrice>19.90</ItemPrice>
      <UnitOfMeasurePrice>19.90</UnitOfMeasurePrice>
      <AllowDiscount>1</AllowDiscount>
      <itemStatus>1</itemStatus>
      <LastUpdateDate />
      <LastUpdateTime />
    </Product>
    <Product>
      <PriceUpdateDate>2018/11/27 10:19</PriceUpdateDate>
      <ItemCode>729001704293</ItemCode>
      <ItemType>0</ItemType>
      <ItemName>מטליות לחות אסותא 400 יח בדלי</ItemName>
      <ManufactureName>עיסא ערטול בעמ-סוכן הנקל סוד</ManufactureName>
      <ManufactureCountry />
      <ManufactureItemDescription />
      <UnitQty>י"ח</UnitQty>
      <Quantity>400</Quantity>
      <UnitMeasure>י"ח</UnitMeasure>
      <BisWeighted>0</BisWeighted>
      <QtyInPackage>1</QtyInPackage>
      <ItemPrice>19.90</ItemPrice>
      <UnitOfMeasurePrice>0.05</UnitOfMeasurePrice>
      <AllowDiscount>0</AllowDiscount>
      <itemStatus>1</itemStatus>
      <LastUpdateDate />
      <LastUpdateTime />
    </Product>
    <Product>
      <PriceUpdateDate>2016/07/08 08:40</PriceUpdateDate>
      <ItemCode>745092006058</ItemCode>
      <ItemType>0</ItemType>
      <ItemName>סוכריות ג`לי בינס פקטורי 110גר</ItemName>
      <ManufactureName>גורי מוצרי צריכה בעמ</ManufactureName>
      <ManufactureCountry />
      <ManufactureItemDescription />
      <UnitQty>י"ח</UnitQty>
      <Quantity>110</Quantity>
      <UnitMeasure>ל  גרם</UnitMeasure>
      <BisWeighted>0</BisWeighted>
      <QtyInPackage>1</QtyInPackage>
      <ItemPrice>12.90</ItemPrice>
      <UnitOfMeasurePrice>11.73</UnitOfMeasurePrice>
      <AllowDiscount>0</AllowDiscount>
      <itemStatus>1</itemStatus>
      <LastUpdateDate />
      <LastUpdateTime />
    </Product>
    <Product>
      <PriceUpdateDate>2020/03/03 13:54</PriceUpdateDate>
      <ItemCode>745114249623</ItemCode>
      <ItemType>0</ItemType>
      <ItemName>משקה גזוז בטעם מלון 330 מ``ל</ItemName>
      <ManufactureName>א.ג בחירה חכמה בעמ</ManufactureName>
      <ManufactureCountry />
      <ManufactureItemDescription />
      <UnitQty>י"ח</UnitQty>
      <Quantity>330</Quantity>
      <UnitMeasure>ל  מ"ל</UnitMeasure>
      <BisWeighted>0</BisWeighted>
      <QtyInPackage>1</QtyInPackage>
      <ItemPrice>4.20</ItemPrice>
      <UnitOfMeasurePrice>1.18</UnitOfMeasurePrice>
      <AllowDiscount>1</AllowDiscount>
      <itemStatus>1</itemStatus>
      <LastUpdateDate />
      <LastUpdateTime />
    </Product>
    <Product>
      <PriceUpdateDate>2020/03/03 13:54</PriceUpdateDate>
      <ItemCode>745114249647</ItemCode>
      <ItemType>0</ItemType>
      <ItemName>משקה גזוז בטעם תות 330 מ``ל</ItemName>
      <ManufactureName>א.ג בחירה חכמה בעמ</ManufactureName>
      <ManufactureCountry />
      <ManufactureItemDescription />
      <UnitQty>י"ח</UnitQty>
      <Quantity>330</Quantity>
      <UnitMeasure>ל  מ"ל</UnitMeasure>
      <BisWeighted>0</BisWeighted>
      <QtyInPackage>1</QtyInPackage>
      <ItemPrice>4.20</ItemPrice>
      <UnitOfMeasurePrice>1.18</UnitOfMeasurePrice>
      <AllowDiscount>1</AllowDiscount>
      <itemStatus>1</itemStatus>
      <LastUpdateDate />
      <LastUpdateTime />
    </Product>
    <Product>
      <PriceUpdateDate>2019/12/17 09:05</PriceUpdateDate>
      <ItemCode>748485103341</ItemCode>
      <ItemType>0</ItemType>
      <ItemName>טונה  בהירה במי מלח  4*160גר</ItemName>
      <ManufactureName>קבוצת יבנה מוצרי מזון בעמ</ManufactureName>
      <ManufactureCountry />
      <ManufactureItemDescription />
      <UnitQty>י"ח</UnitQty>
      <Quantity>640</Quantity>
      <UnitMeasure>ל  גרם</UnitMeasure>
      <BisWeighted>0</BisWeighted>
      <QtyInPackage>1</QtyInPackage>
      <ItemPrice>19.90</ItemPrice>
      <UnitOfMeasurePrice>3.11</UnitOfMeasurePrice>
      <AllowDiscount>0</AllowDiscount>
      <itemStatus>1</itemStatus>
      <LastUpdateDate />
      <LastUpdateTime />
    </Product>
    <Product>
      <PriceUpdateDate>2017/08/17 10:59</PriceUpdateDate>
      <ItemCode>768404001640</ItemCode>
      <ItemType>0</ItemType>
      <ItemName>גלידה פיינטים קפה</ItemName>
      <ManufactureName>מוצרי איכות אמריקאיים בעמ</ManufactureName>
      <ManufactureCountry />
      <ManufactureItemDescription />
      <UnitQty>י"ח</UnitQty>
      <Quantity>500</Quantity>
      <UnitMeasure>ל  מ"ל</UnitMeasure>
      <BisWeighted>0</BisWeighted>
      <QtyInPackage>1</QtyInPackage>
      <ItemPrice>23.90</ItemPrice>
      <UnitOfMeasurePrice>4.78</UnitOfMeasurePrice>
      <AllowDiscount>1</AllowDiscount>
      <itemStatus>1</itemStatus>
      <LastUpdateDate />
      <LastUpdateTime />
    </Product>
    <Product>
      <PriceUpdateDate>2019/11/26 06:44</PriceUpdateDate>
      <ItemCode>812130020496</ItemCode>
      <ItemType>0</ItemType>
      <ItemName>סטיביה תערובת סוכר חום טרוביה 510גרם</ItemName>
      <ManufactureName>גורי ע.ע.ע. בעמ</ManufactureName>
      <ManufactureCountry />
      <ManufactureItemDescription />
      <UnitQty>י"ח</UnitQty>
      <Quantity>51</Quantity>
      <UnitMeasure>ל  מ"ל</UnitMeasure>
      <BisWeighted>0</BisWeighted>
      <QtyInPackage>1</QtyInPackage>
      <ItemPrice>34.90</ItemPrice>
      <UnitOfMeasurePrice>68.43</UnitOfMeasurePrice>
      <AllowDiscount>1</AllowDiscount>
      <itemStatus>1</itemStatus>
      <LastUpdateDate />
      <LastUpdateTime />
    </Product>
    <Product>
      <PriceUpdateDate>2020/03/22 13:45</PriceUpdateDate>
      <ItemCode>835811001119</ItemCode>
      <ItemType>0</ItemType>
      <ItemName>מיני עדשים 200גר בצנצנת לעוגה</ItemName>
      <ManufactureName>הנמל אריזות ושווק בעמ</ManufactureName>
      <ManufactureCountry />
      <ManufactureItemDescription />
      <UnitQty>י"ח</UnitQty>
      <Quantity>200</Quantity>
      <UnitMeasure>ל  גרם</UnitMeasure>
      <BisWeighted>0</BisWeighted>
      <QtyInPackage>1</QtyInPackage>
      <ItemPrice>13.90</ItemPrice>
      <UnitOfMeasurePrice>6.95</UnitOfMeasurePrice>
      <AllowDiscount>0</AllowDiscount>
      <itemStatus>1</itemStatus>
      <LastUpdateDate />
      <LastUpdateTime />
    </Product>
    <Product>
      <PriceUpdateDate>2014/01/05 15:48</PriceUpdateDate>
      <ItemCode>835811005407</ItemCode>
      <ItemType>0</ItemType>
      <ItemName>קפה לדרך ענק 12 אורנז`+מכסה 12 יח`</ItemName>
      <ManufactureName>הנמל אריזות ושווק בעמ</ManufactureName>
      <ManufactureCountry />
      <ManufactureItemDescription />
      <UnitQty>י"ח</UnitQty>
      <Quantity>12</Quantity>
      <UnitMeasure>י"ח</UnitMeasure>
      <BisWeighted>0</BisWeighted>
      <QtyInPackage>1</QtyInPackage>
      <ItemPrice>11.30</ItemPrice>
      <UnitOfMeasurePrice>0.94</UnitOfMeasurePrice>
      <AllowDiscount>0</AllowDiscount>
      <itemStatus>1</itemStatus>
      <LastUpdateDate />
      <LastUpdateTime />
    </Product>
    <Product>
      <PriceUpdateDate>2015/01/15 12:20</PriceUpdateDate>
      <ItemCode>835811006701</ItemCode>
      <ItemType>0</ItemType>
      <ItemName>קוקטים לאפייה 24יח</ItemName>
      <ManufactureName>הנמל אריזות ושווק בעמ</ManufactureName>
      <ManufactureCountry />
      <ManufactureItemDescription />
      <UnitQty>י"ח</UnitQty>
      <Quantity>1</Quantity>
      <UnitMeasure />
      <BisWeighted>0</BisWeighted>
      <QtyInPackage>1</QtyInPackage>
      <ItemPrice>9.90</ItemPrice>
      <UnitOfMeasurePrice>9.90</UnitOfMeasurePrice>
      <AllowDiscount>0</AllowDiscount>
      <itemStatus>1</itemStatus>
      <LastUpdateDate />
      <LastUpdateTime />
    </Product>
    <Product>
      <PriceUpdateDate>2014/01/05 16:25</PriceUpdateDate>
      <ItemCode>835811009238</ItemCode>
      <ItemType>0</ItemType>
      <ItemName>שיפודים  ענק מבמבוק 25יח`</ItemName>
      <ManufactureName>הנמל אריזות ושווק בעמ</ManufactureName>
      <ManufactureCountry />
      <ManufactureItemDescription />
      <UnitQty>י"ח</UnitQty>
      <Quantity>1</Quantity>
      <UnitMeasure />
      <BisWeighted>0</BisWeighted>
      <QtyInPackage>1</QtyInPackage>
      <ItemPrice>6.20</ItemPrice>
      <UnitOfMeasurePrice>6.20</UnitOfMeasurePrice>
      <AllowDiscount>0</AllowDiscount>
      <itemStatus>1</itemStatus>
      <LastUpdateDate />
      <LastUpdateTime />
    </Product>
    <Product>
      <PriceUpdateDate>2018/04/04 12:31</PriceUpdateDate>
      <ItemCode>856591000062</ItemCode>
      <ItemType>0</ItemType>
      <ItemName>עבאדי עוגיות מזרחיות מלח  -400</ItemName>
      <ManufactureName>תה ויסוצקי (ישראל)בעמ</ManufactureName>
      <ManufactureCountry />
      <ManufactureItemDescription />
      <UnitQty>י"ח</UnitQty>
      <Quantity>400</Quantity>
      <UnitMeasure>ל  גרם</UnitMeasure>
      <BisWeighted>0</BisWeighted>
      <QtyInPackage>1</QtyInPackage>
      <ItemPrice>16.90</ItemPrice>
      <UnitOfMeasurePrice>4.23</UnitOfMeasurePrice>
      <AllowDiscount>1</AllowDiscount>
      <itemStatus>1</itemStatus>
      <LastUpdateDate />
      <LastUpdateTime />
    </Product>
    <Product>
      <PriceUpdateDate>2018/04/04 12:31</PriceUpdateDate>
      <ItemCode>856591000109</ItemCode>
      <ItemType>0</ItemType>
      <ItemName>עבאדי עוגיות מזרחיות פריך במיוחד 400גר</ItemName>
      <ManufactureName>תה ויסוצקי (ישראל)בעמ</ManufactureName>
      <ManufactureCountry />
      <ManufactureItemDescription />
      <UnitQty>י"ח</UnitQty>
      <Quantity>400</Quantity>
      <UnitMeasure>ל  גרם</UnitMeasure>
      <BisWeighted>0</BisWeighted>
      <QtyInPackage>1</QtyInPackage>
      <ItemPrice>16.90</ItemPrice>
      <UnitOfMeasurePrice>4.23</UnitOfMeasurePrice>
      <AllowDiscount>1</AllowDiscount>
      <itemStatus>1</itemStatus>
      <LastUpdateDate />
      <LastUpdateTime />
    </Product>
    <Product>
      <PriceUpdateDate>2016/06/16 14:16</PriceUpdateDate>
      <ItemCode>877300002160</ItemCode>
      <ItemType>0</ItemType>
      <ItemName>רוטב צילי  מתוק 370ג</ItemName>
      <ManufactureName>נפטון מוצרי מזון 1990בעם</ManufactureName>
      <ManufactureCountry />
      <ManufactureItemDescription />
      <UnitQty>י"ח</UnitQty>
      <Quantity>370</Quantity>
      <UnitMeasure>ל  גרם</UnitMeasure>
      <BisWeighted>0</BisWeighted>
      <QtyInPackage>1</QtyInPackage>
      <ItemPrice>13.90</ItemPrice>
      <UnitOfMeasurePrice>3.76</UnitOfMeasurePrice>
      <AllowDiscount>0</AllowDiscount>
      <itemStatus>1</itemStatus>
      <LastUpdateDate />
      <LastUpdateTime />
    </Product>
    <Product>
      <PriceUpdateDate>2014/01/08 08:27</PriceUpdateDate>
      <ItemCode>877300003303</ItemCode>
      <ItemType>0</ItemType>
      <ItemName>רוטב צאטני מנגו מתוק  370ג</ItemName>
      <ManufactureName>נפטון מוצרי מזון 1990בעם</ManufactureName>
      <ManufactureCountry />
      <ManufactureItemDescription />
      <UnitQty>י"ח</UnitQty>
      <Quantity>370</Quantity>
      <UnitMeasure>ל  גרם</UnitMeasure>
      <BisWeighted>0</BisWeighted>
      <QtyInPackage>1</QtyInPackage>
      <ItemPrice>13</ItemPrice>
      <UnitOfMeasurePrice>3.51</UnitOfMeasurePrice>
      <AllowDiscount>0</AllowDiscount>
      <itemStatus>1</itemStatus>
      <LastUpdateDate />
      <LastUpdateTime />
    </Product>
    <Product>
      <PriceUpdateDate>2014/01/08 07:56</PriceUpdateDate>
      <ItemCode>877300003310</ItemCode>
      <ItemType>0</ItemType>
      <ItemName>רוטב צילי חריף 370ג</ItemName>
      <ManufactureName>נפטון מוצרי מזון 1990בעם</ManufactureName>
      <ManufactureCountry />
      <ManufactureItemDescription />
      <UnitQty>י"ח</UnitQty>
      <Quantity>370</Quantity>
      <UnitMeasure>ל  גרם</UnitMeasure>
      <BisWeighted>0</BisWeighted>
      <QtyInPackage>1</QtyInPackage>
      <ItemPrice>13</ItemPrice>
      <UnitOfMeasurePrice>3.51</UnitOfMeasurePrice>
      <AllowDiscount>0</AllowDiscount>
      <itemStatus>1</itemStatus>
      <LastUpdateDate />
      <LastUpdateTime />
    </Product>
    <Product>
      <PriceUpdateDate>2016/11/14 12:18</PriceUpdateDate>
      <ItemCode>884912014252</ItemCode>
      <ItemType>0</ItemType>
      <ItemName>דגני בוקר האני באנצ אלמונד 411 גר</ItemName>
      <ManufactureName>ר.ב. מוצרי דגנים בעמ</ManufactureName>
      <ManufactureCountry />
      <ManufactureItemDescription />
      <UnitQty>י"ח</UnitQty>
      <Quantity>411</Quantity>
      <UnitMeasure>ל  גרם</UnitMeasure>
      <BisWeighted>0</BisWeighted>
      <QtyInPackage>1</QtyInPackage>
      <ItemPrice>23.90</ItemPrice>
      <UnitOfMeasurePrice>5.82</UnitOfMeasurePrice>
      <AllowDiscount>1</AllowDiscount>
      <itemStatus>1</itemStatus>
      <LastUpdateDate />
      <LastUpdateTime />
    </Product>
    <Product>
      <PriceUpdateDate>2019/07/15 10:07</PriceUpdateDate>
      <ItemCode>884912114600</ItemCode>
      <ItemType>0</ItemType>
      <ItemName>דגני בוקר רייזן בראן566גר</ItemName>
      <ManufactureName>ר.ב. מוצרי דגנים בעמ</ManufactureName>
      <ManufactureCountry />
      <ManufactureItemDescription />
      <UnitQty>י"ח</UnitQty>
      <Quantity>566</Quantity>
      <UnitMeasure>ל  גרם</UnitMeasure>
      <BisWeighted>0</BisWeighted>
      <QtyInPackage>1</QtyInPackage>
      <ItemPrice>23.90</ItemPrice>
      <UnitOfMeasurePrice>4.22</UnitOfMeasurePrice>
      <AllowDiscount>0</AllowDiscount>
      <itemStatus>1</itemStatus>
      <LastUpdateDate />
      <LastUpdateTime />
    </Product>
    <Product>
      <PriceUpdateDate>2017/11/22 19:54</PriceUpdateDate>
      <ItemCode>884912126115</ItemCode>
      <ItemType>0</ItemType>
      <ItemName>דגני בוקר גרייט גריינס 454גרם</ItemName>
      <ManufactureName>ר.ב. מוצרי דגנים בעמ</ManufactureName>
      <ManufactureCountry />
      <ManufactureItemDescription />
      <UnitQty>י"ח</UnitQty>
      <Quantity>454</Quantity>
      <UnitMeasure>ל  גרם</UnitMeasure>
      <BisWeighted>0</BisWeighted>
      <QtyInPackage>1</QtyInPackage>
      <ItemPrice>21.90</ItemPrice>
      <UnitOfMeasurePrice>4.82</UnitOfMeasurePrice>
      <AllowDiscount>0</AllowDiscount>
      <itemStatus>1</itemStatus>
      <LastUpdateDate />
      <LastUpdateTime />
    </Product>
    <Product>
      <PriceUpdateDate>2016/11/14 12:19</PriceUpdateDate>
      <ItemCode>884912129741</ItemCode>
      <ItemType>0</ItemType>
      <ItemName>דגני בוקר פרוטי פבלס 425גר</ItemName>
      <ManufactureName>ר.ב. מוצרי דגנים בעמ</ManufactureName>
      <ManufactureCountry />
      <ManufactureItemDescription />
      <UnitQty>י"ח</UnitQty>
      <Quantity>425</Quantity>
      <UnitMeasure>ל  גרם</UnitMeasure>
      <BisWeighted>0</BisWeighted>
      <QtyInPackage>1</QtyInPackage>
      <ItemPrice>21.90</ItemPrice>
      <UnitOfMeasurePrice>5.15</UnitOfMeasurePrice>
      <AllowDiscount>1</AllowDiscount>
      <itemStatus>1</itemStatus>
      <LastUpdateDate />
      <LastUpdateTime />
    </Product>
    <Product>
      <PriceUpdateDate>2019/08/25 14:48</PriceUpdateDate>
      <ItemCode>884912301642</ItemCode>
      <ItemType>0</ItemType>
      <ItemName>דגני בוקר אוראו 311גר</ItemName>
      <ManufactureName>ר.ב. מוצרי דגנים בעמ</ManufactureName>
      <ManufactureCountry />
      <ManufactureItemDescription />
      <UnitQty>י"ח</UnitQty>
      <Quantity>311</Quantity>
      <UnitMeasure>ל  גרם</UnitMeasure>
      <BisWeighted>0</BisWeighted>
      <QtyInPackage>1</QtyInPackage>
      <ItemPrice>23.90</ItemPrice>
      <UnitOfMeasurePrice>7.68</UnitOfMeasurePrice>
      <AllowDiscount>1</AllowDiscount>
      <itemStatus>1</itemStatus>
      <LastUpdateDate />
      <LastUpdateTime />
    </Product>
    <Product>
      <PriceUpdateDate>2020/01/16 09:14</PriceUpdateDate>
      <ItemCode>884912333773</ItemCode>
      <ItemType>0</ItemType>
      <ItemName>דגני בוקר האני באנצ דבש 382גר</ItemName>
      <ManufactureName>ר.ב. מוצרי דגנים בעמ</ManufactureName>
      <ManufactureCountry />
      <ManufactureItemDescription />
      <UnitQty>י"ח</UnitQty>
      <Quantity>382</Quantity>
      <UnitMeasure>ל  גרם</UnitMeasure>
      <BisWeighted>0</BisWeighted>
      <QtyInPackage>1</QtyInPackage>
      <ItemPrice>22.90</ItemPrice>
      <UnitOfMeasurePrice>5.99</UnitOfMeasurePrice>
      <AllowDiscount>1</AllowDiscount>
      <itemStatus>1</itemStatus>
      <LastUpdateDate />
      <LastUpdateTime />
    </Product>
    <Product>
      <PriceUpdateDate>2015/11/18 12:57</PriceUpdateDate>
      <ItemCode>8888757103005</ItemCode>
      <ItemType>1</ItemType>
      <ItemName>שמן שומשום 300 מ"ל</ItemName>
      <ManufactureName>גורי מוצרי צריכה בעמ</ManufactureName>
      <ManufactureCountry />
      <ManufactureItemDescription />
      <UnitQty>י"ח</UnitQty>
      <Quantity>300</Quantity>
      <UnitMeasure>ל  מ"ל</UnitMeasure>
      <BisWeighted>0</BisWeighted>
      <QtyInPackage>1</QtyInPackage>
      <ItemPrice>19</ItemPrice>
      <UnitOfMeasurePrice>6.33</UnitOfMeasurePrice>
      <AllowDiscount>0</AllowDiscount>
      <itemStatus>1</itemStatus>
      <LastUpdateDate />
      <LastUpdateTime />
    </Product>
    <Product>
      <PriceUpdateDate>2020/04/22 09:06</PriceUpdateDate>
      <ItemCode>1159173741292</ItemCode>
      <ItemType>1</ItemType>
      <ItemName>כפכף נשים שחור לבן</ItemName>
      <ManufactureName>ביג מול בעמ</ManufactureName>
      <ManufactureCountry />
      <ManufactureItemDescription />
      <UnitQty>י"ח</UnitQty>
      <Quantity>1</Quantity>
      <UnitMeasure />
      <BisWeighted>0</BisWeighted>
      <QtyInPackage>1</QtyInPackage>
      <ItemPrice>24.90</ItemPrice>
      <UnitOfMeasurePrice>24.90</UnitOfMeasurePrice>
      <AllowDiscount>0</AllowDiscount>
      <itemStatus>1</itemStatus>
      <LastUpdateDate />
      <LastUpdateTime />
    </Product>
    <Product>
      <PriceUpdateDate>2019/06/11 09:31</PriceUpdateDate>
      <ItemCode>1159374104919</ItemCode>
      <ItemType>1</ItemType>
      <ItemName>כפכפי קיץ נשים</ItemName>
      <ManufactureName>ביג מול בעמ</ManufactureName>
      <ManufactureCountry />
      <ManufactureItemDescription />
      <UnitQty>י"ח</UnitQty>
      <Quantity>1</Quantity>
      <UnitMeasure />
      <BisWeighted>0</BisWeighted>
      <QtyInPackage>1</QtyInPackage>
      <ItemPrice>24.90</ItemPrice>
      <UnitOfMeasurePrice>24.90</UnitOfMeasurePrice>
      <AllowDiscount>0</AllowDiscount>
      <itemStatus>1</itemStatus>
      <LastUpdateDate />
      <LastUpdateTime />
    </Product>
    <Product>
      <PriceUpdateDate>2015/12/01 10:53</PriceUpdateDate>
      <ItemCode>3045140280902</ItemCode>
      <ItemType>1</ItemType>
      <ItemName>מילקה צימוקים 100ג</ItemName>
      <ManufactureName>דיפלומט בעמ</ManufactureName>
      <ManufactureCountry />
      <ManufactureItemDescription />
      <UnitQty>י"ח</UnitQty>
      <Quantity>100</Quantity>
      <UnitMeasure>ל  גרם</UnitMeasure>
      <BisWeighted>0</BisWeighted>
      <QtyInPackage>1</QtyInPackage>
      <ItemPrice>5.90</ItemPrice>
      <UnitOfMeasurePrice>5.90</UnitOfMeasurePrice>
      <AllowDiscount>1</AllowDiscount>
      <itemStatus>1</itemStatus>
      <LastUpdateDate />
      <LastUpdateTime />
    </Product>
    <Product>
      <PriceUpdateDate>2018/12/27 11:04</PriceUpdateDate>
      <ItemCode>3045200760009</ItemCode>
      <ItemType>1</ItemType>
      <ItemName>דזיטול נוזל מחטא בגדים בכביסה 500מ"ל.</ItemName>
      <ManufactureName>יעקב יעקבי ובניו בעמ</ManufactureName>
      <ManufactureCountry />
      <ManufactureItemDescription />
      <UnitQty>י"ח</UnitQty>
      <Quantity>500</Quantity>
      <UnitMeasure>ל  מ"ל</UnitMeasure>
      <BisWeighted>0</BisWeighted>
      <QtyInPackage>1</QtyInPackage>
      <ItemPrice>14.90</ItemPrice>
      <UnitOfMeasurePrice>2.98</UnitOfMeasurePrice>
      <AllowDiscount>1</AllowDiscount>
      <itemStatus>1</itemStatus>
      <LastUpdateDate />
      <LastUpdateTime />
    </Product>
    <Product>
      <PriceUpdateDate>2020/04/30 10:50</PriceUpdateDate>
      <ItemCode>3045206312257</ItemCode>
      <ItemType>1</ItemType>
      <ItemName>דזיטול מגבונים</ItemName>
      <ManufactureName>יעקב יעקבי ובניו בעמ</ManufactureName>
      <ManufactureCountry />
      <ManufactureItemDescription />
      <UnitQty>י"ח</UnitQty>
      <Quantity>1</Quantity>
      <UnitMeasure>ליטר</UnitMeasure>
      <BisWeighted>0</BisWeighted>
      <QtyInPackage>1</QtyInPackage>
      <ItemPrice>14.90</ItemPrice>
      <UnitOfMeasurePrice>14.90</UnitOfMeasurePrice>
      <AllowDiscount>0</AllowDiscount>
      <itemStatus>1</itemStatus>
      <LastUpdateDate />
      <LastUpdateTime />
    </Product>
    <Product>
      <PriceUpdateDate>2014/05/08 10:54</PriceUpdateDate>
      <ItemCode>3059943015104</ItemCode>
      <ItemType>1</ItemType>
      <ItemName>אירוויק נטול גז יסמין 345 מ"ל</ItemName>
      <ManufactureName>רקיט בנקיזר (ניר איסט) בעמ</ManufactureName>
      <ManufactureCountry />
      <ManufactureItemDescription />
      <UnitQty>י"ח</UnitQty>
      <Quantity>345</Quantity>
      <UnitMeasure>ל  מ"ל</UnitMeasure>
      <BisWeighted>0</BisWeighted>
      <QtyInPackage>1</QtyInPackage>
      <ItemPrice>14.90</ItemPrice>
      <UnitOfMeasurePrice>4.32</UnitOfMeasurePrice>
      <AllowDiscount>1</AllowDiscount>
      <itemStatus>1</itemStatus>
      <LastUpdateDate />
      <LastUpdateTime />
    </Product>
    <Product>
      <PriceUpdateDate>2019/02/25 14:04</PriceUpdateDate>
      <ItemCode>3141360054405</ItemCode>
      <ItemType>1</ItemType>
      <ItemName>פיניש ציטרופרש לימון</ItemName>
      <ManufactureName>רקיט בנקיזר (ניר איסט) בעמ</ManufactureName>
      <ManufactureCountry />
      <ManufactureItemDescription />
      <UnitQty>י"ח</UnitQty>
      <Quantity>27</Quantity>
      <UnitMeasure>ל  גרם</UnitMeasure>
      <BisWeighted>0</BisWeighted>
      <QtyInPackage>1</QtyInPackage>
      <ItemPrice>14.90</ItemPrice>
      <UnitOfMeasurePrice>55.19</UnitOfMeasurePrice>
      <AllowDiscount>0</AllowDiscount>
      <itemStatus>1</itemStatus>
      <LastUpdateDate />
      <LastUpdateTime />
    </Product>
    <Product>
      <PriceUpdateDate>2014/01/17 09:59</PriceUpdateDate>
      <ItemCode>3523230025638</ItemCode>
      <ItemType>1</ItemType>
      <ItemName>בושה עיזים טבעי 125גר</ItemName>
      <ManufactureName>נטו מלינדה סחר בעמ</ManufactureName>
      <ManufactureCountry />
      <ManufactureItemDescription />
      <UnitQty>י"ח</UnitQty>
      <Quantity>125</Quantity>
      <UnitMeasure>ל  גרם</UnitMeasure>
      <BisWeighted>0</BisWeighted>
      <QtyInPackage>1</QtyInPackage>
      <ItemPrice>19.90</ItemPrice>
      <UnitOfMeasurePrice>15.92</UnitOfMeasurePrice>
      <AllowDiscount>0</AllowDiscount>
      <itemStatus>1</itemStatus>
      <LastUpdateDate />
      <LastUpdateTime />
    </Product>
    <Product>
      <PriceUpdateDate>2015/03/02 09:45</PriceUpdateDate>
      <ItemCode>3563490014898</ItemCode>
      <ItemType>1</ItemType>
      <ItemName>חרדל דיג ון 255 גרם</ItemName>
      <ManufactureName>דיפלומט בעמ</ManufactureName>
      <ManufactureCountry />
      <ManufactureItemDescription />
      <UnitQty>י"ח</UnitQty>
      <Quantity>255</Quantity>
      <UnitMeasure>ל  גרם</UnitMeasure>
      <BisWeighted>0</BisWeighted>
      <QtyInPackage>1</QtyInPackage>
      <ItemPrice>12.90</ItemPrice>
      <UnitOfMeasurePrice>5.06</UnitOfMeasurePrice>
      <AllowDiscount>0</AllowDiscount>
      <itemStatus>1</itemStatus>
      <LastUpdateDate />
      <LastUpdateTime />
    </Product>
    <Product>
      <PriceUpdateDate>2018/07/23 11:40</PriceUpdateDate>
      <ItemCode>3574660089547</ItemCode>
      <ItemType>1</ItemType>
      <ItemName>טמפוני OB 32 נורמל</ItemName>
      <ManufactureName>ש.שסטוביץ בעמ</ManufactureName>
      <ManufactureCountry />
      <ManufactureItemDescription />
      <UnitQty>י"ח</UnitQty>
      <Quantity>1</Quantity>
      <UnitMeasure />
      <BisWeighted>0</BisWeighted>
      <QtyInPackage>1</QtyInPackage>
      <ItemPrice>24.90</ItemPrice>
      <UnitOfMeasurePrice>24.90</UnitOfMeasurePrice>
      <AllowDiscount>0</AllowDiscount>
      <itemStatus>1</itemStatus>
      <LastUpdateDate />
      <LastUpdateTime />
    </Product>
    <Product>
      <PriceUpdateDate>2017/03/26 18:48</PriceUpdateDate>
      <ItemCode>3574660322613</ItemCode>
      <ItemType>1</ItemType>
      <ItemName>קרפרי אוורירי מבושם</ItemName>
      <ManufactureName>ש.שסטוביץ בעמ</ManufactureName>
      <ManufactureCountry />
      <ManufactureItemDescription />
      <UnitQty>י"ח</UnitQty>
      <Quantity>1</Quantity>
      <UnitMeasure />
      <BisWeighted>0</BisWeighted>
      <QtyInPackage>1</QtyInPackage>
      <ItemPrice>19.90</ItemPrice>
      <UnitOfMeasurePrice>19.90</UnitOfMeasurePrice>
      <AllowDiscount>1</AllowDiscount>
      <itemStatus>1</itemStatus>
      <LastUpdateDate />
      <LastUpdateTime />
    </Product>
    <Product>
      <PriceUpdateDate>2017/03/26 18:48</PriceUpdateDate>
      <ItemCode>3574660322637</ItemCode>
      <ItemType>1</ItemType>
      <ItemName>קרפרי אלווורה</ItemName>
      <ManufactureName>ש.שסטוביץ בעמ</ManufactureName>
      <ManufactureCountry />
      <ManufactureItemDescription />
      <UnitQty>י"ח</UnitQty>
      <Quantity>1</Quantity>
      <UnitMeasure />
      <BisWeighted>0</BisWeighted>
      <QtyInPackage>1</QtyInPackage>
      <ItemPrice>19.90</ItemPrice>
      <UnitOfMeasurePrice>19.90</UnitOfMeasurePrice>
      <AllowDiscount>1</AllowDiscount>
      <itemStatus>1</itemStatus>
      <LastUpdateDate />
      <LastUpdateTime />
    </Product>
    <Product>
      <PriceUpdateDate>2018/12/17 12:18</PriceUpdateDate>
      <ItemCode>3574661003924</ItemCode>
      <ItemType>1</ItemType>
      <ItemName>ליסטרין טוטל קאר  500 מ"ל</ItemName>
      <ManufactureName>שקד תבל בעמ</ManufactureName>
      <ManufactureCountry />
      <ManufactureItemDescription />
      <UnitQty>י"ח</UnitQty>
      <Quantity>500</Quantity>
      <UnitMeasure>ל  מ"ל</UnitMeasure>
      <BisWeighted>0</BisWeighted>
      <QtyInPackage>1</QtyInPackage>
      <ItemPrice>29.90</ItemPrice>
      <UnitOfMeasurePrice>5.98</UnitOfMeasurePrice>
      <AllowDiscount>1</AllowDiscount>
      <itemStatus>1</itemStatus>
      <LastUpdateDate />
      <LastUpdateTime />
    </Product>
    <Product>
      <PriceUpdateDate>2018/12/17 12:18</PriceUpdateDate>
      <ItemCode>3574661114637</ItemCode>
      <ItemType>1</ItemType>
      <ItemName>ליסטרין זירו  500 מ"ל</ItemName>
      <ManufactureName>שקד תבל בעמ</ManufactureName>
      <ManufactureCountry />
      <ManufactureItemDescription />
      <UnitQty>י"ח</UnitQty>
      <Quantity>500</Quantity>
      <UnitMeasure>ל  מ"ל</UnitMeasure>
      <BisWeighted>0</BisWeighted>
      <QtyInPackage>1</QtyInPackage>
      <ItemPrice>26.90</ItemPrice>
      <UnitOfMeasurePrice>5.38</UnitOfMeasurePrice>
      <AllowDiscount>1</AllowDiscount>
      <itemStatus>1</itemStatus>
      <LastUpdateDate />
      <LastUpdateTime />
    </Product>
    <Product>
      <PriceUpdateDate>2018/12/17 12:18</PriceUpdateDate>
      <ItemCode>3574661248318</ItemCode>
      <ItemType>1</ItemType>
      <ItemName>ליסטרין אדוונסד וואט  500 מ"ל</ItemName>
      <ManufactureName>שקד תבל בעמ</ManufactureName>
      <ManufactureCountry />
      <ManufactureItemDescription />
      <UnitQty>י"ח</UnitQty>
      <Quantity>500</Quantity>
      <UnitMeasure>ל  מ"ל</UnitMeasure>
      <BisWeighted>0</BisWeighted>
      <QtyInPackage>1</QtyInPackage>
      <ItemPrice>29.90</ItemPrice>
      <UnitOfMeasurePrice>5.98</UnitOfMeasurePrice>
      <AllowDiscount>1</AllowDiscount>
      <itemStatus>1</itemStatus>
      <LastUpdateDate />
      <LastUpdateTime />
    </Product>
    <Product>
      <PriceUpdateDate>2019/07/31 13:19</PriceUpdateDate>
      <ItemCode>3574661487328</ItemCode>
      <ItemType>1</ItemType>
      <ItemName>קרפרי רגיל 56יח</ItemName>
      <ManufactureName>ש.שסטוביץ בעמ</ManufactureName>
      <ManufactureCountry />
      <ManufactureItemDescription />
      <UnitQty>י"ח</UnitQty>
      <Quantity>58</Quantity>
      <UnitMeasure>י"ח</UnitMeasure>
      <BisWeighted>0</BisWeighted>
      <QtyInPackage>1</QtyInPackage>
      <ItemPrice>19.90</ItemPrice>
      <UnitOfMeasurePrice>0.34</UnitOfMeasurePrice>
      <AllowDiscount>1</AllowDiscount>
      <itemStatus>1</itemStatus>
      <LastUpdateDate />
      <LastUpdateTime />
    </Product>
    <Product>
      <PriceUpdateDate>2019/12/11 07:09</PriceUpdateDate>
      <ItemCode>3574661501901</ItemCode>
      <ItemType>1</ItemType>
      <ItemName>שטיפה אינטימית קרפרי אלוורה 200מ"ל</ItemName>
      <ManufactureName>ש.שסטוביץ בעמ</ManufactureName>
      <ManufactureCountry />
      <ManufactureItemDescription />
      <UnitQty>י"ח</UnitQty>
      <Quantity>200</Quantity>
      <UnitMeasure>ל  מ"ל</UnitMeasure>
      <BisWeighted>0</BisWeighted>
      <QtyInPackage>1</QtyInPackage>
      <ItemPrice>18.90</ItemPrice>
      <UnitOfMeasurePrice>9.45</UnitOfMeasurePrice>
      <AllowDiscount>0</AllowDiscount>
      <itemStatus>1</itemStatus>
      <LastUpdateDate />
      <LastUpdateTime />
    </Product>
    <Product>
      <PriceUpdateDate>2019/12/11 07:09</PriceUpdateDate>
      <ItemCode>3574661504162</ItemCode>
      <ItemType>1</ItemType>
      <ItemName>מוס לשטיפה אינטימית קרפרי 150מ"ל</ItemName>
      <ManufactureName>ש.שסטוביץ בעמ</ManufactureName>
      <ManufactureCountry />
      <ManufactureItemDescription />
      <UnitQty>י"ח</UnitQty>
      <Quantity>150</Quantity>
      <UnitMeasure>ל  מ"ל</UnitMeasure>
      <BisWeighted>0</BisWeighted>
      <QtyInPackage>1</QtyInPackage>
      <ItemPrice>20.90</ItemPrice>
      <UnitOfMeasurePrice>13.93</UnitOfMeasurePrice>
      <AllowDiscount>0</AllowDiscount>
      <itemStatus>1</itemStatus>
      <LastUpdateDate />
      <LastUpdateTime />
    </Product>
    <Product>
      <PriceUpdateDate>2016/06/15 15:18</PriceUpdateDate>
      <ItemCode>3600521823866</ItemCode>
      <ItemType>1</ItemType>
      <ItemName>דרמו פעולה משולשת עיניים</ItemName>
      <ManufactureName>לוריאל ישראל קוסמטיקס בעמ</ManufactureName>
      <ManufactureCountry />
      <ManufactureItemDescription />
      <UnitQty>י"ח</UnitQty>
      <Quantity>15</Quantity>
      <UnitMeasure>ל  מ"ל</UnitMeasure>
      <BisWeighted>0</BisWeighted>
      <QtyInPackage>1</QtyInPackage>
      <ItemPrice>50</ItemPrice>
      <UnitOfMeasurePrice>333.33</UnitOfMeasurePrice>
      <AllowDiscount>1</AllowDiscount>
      <itemStatus>1</itemStatus>
      <LastUpdateDate />
      <LastUpdateTime />
    </Product>
    <Product>
      <PriceUpdateDate>2016/10/10 10:16</PriceUpdateDate>
      <ItemCode>3600522550129</ItemCode>
      <ItemType>1</ItemType>
      <ItemName>קרם יום אייג ספשיאליסט +45</ItemName>
      <ManufactureName>לוריאל ישראל קוסמטיקס בעמ</ManufactureName>
      <ManufactureCountry />
      <ManufactureItemDescription />
      <UnitQty>י"ח</UnitQty>
      <Quantity>50</Quantity>
      <UnitMeasure>ל  מ"ל</UnitMeasure>
      <BisWeighted>0</BisWeighted>
      <QtyInPackage>1</QtyInPackage>
      <ItemPrice>59.90</ItemPrice>
      <UnitOfMeasurePrice>119.80</UnitOfMeasurePrice>
      <AllowDiscount>1</AllowDiscount>
      <itemStatus>1</itemStatus>
      <LastUpdateDate />
      <LastUpdateTime />
    </Product>
    <Product>
      <PriceUpdateDate>2016/10/10 10:16</PriceUpdateDate>
      <ItemCode>3600522550167</ItemCode>
      <ItemType>1</ItemType>
      <ItemName>קרם לילה אייג ספשיאליסט +45</ItemName>
      <ManufactureName>לוריאל ישראל קוסמטיקס בעמ</ManufactureName>
      <ManufactureCountry />
      <ManufactureItemDescription />
      <UnitQty>י"ח</UnitQty>
      <Quantity>50</Quantity>
      <UnitMeasure>ל  מ"ל</UnitMeasure>
      <BisWeighted>0</BisWeighted>
      <QtyInPackage>1</QtyInPackage>
      <ItemPrice>59.90</ItemPrice>
      <UnitOfMeasurePrice>119.80</UnitOfMeasurePrice>
      <AllowDiscount>1</AllowDiscount>
      <itemStatus>1</itemStatus>
      <LastUpdateDate />
      <LastUpdateTime />
    </Product>
    <Product>
      <PriceUpdateDate>2016/10/10 10:16</PriceUpdateDate>
      <ItemCode>3600522550204</ItemCode>
      <ItemType>1</ItemType>
      <ItemName>קרם יום אייג ספשיאליסט +55</ItemName>
      <ManufactureName>לוריאל ישראל קוסמטיקס בעמ</ManufactureName>
      <ManufactureCountry />
      <ManufactureItemDescription />
      <UnitQty>י"ח</UnitQty>
      <Quantity>50</Quantity>
      <UnitMeasure>ל  מ"ל</UnitMeasure>
      <BisWeighted>0</BisWeighted>
      <QtyInPackage>1</QtyInPackage>
      <ItemPrice>59.90</ItemPrice>
      <UnitOfMeasurePrice>119.80</UnitOfMeasurePrice>
      <AllowDiscount>1</AllowDiscount>
      <itemStatus>1</itemStatus>
      <LastUpdateDate />
      <LastUpdateTime />
    </Product>
    <Product>
      <PriceUpdateDate>2018/04/26 10:16</PriceUpdateDate>
      <ItemCode>3600523652273</ItemCode>
      <ItemType>1</ItemType>
      <ItemName>אלביב שמפו חימר   550מ"ל</ItemName>
      <ManufactureName>לוריאל ישראל קוסמטיקס בעמ</ManufactureName>
      <ManufactureCountry />
      <ManufactureItemDescription />
      <UnitQty>י"ח</UnitQty>
      <Quantity>550</Quantity>
      <UnitMeasure>ל  מ"ל</UnitMeasure>
      <BisWeighted>0</BisWeighted>
      <QtyInPackage>1</QtyInPackage>
      <ItemPrice>16.90</ItemPrice>
      <UnitOfMeasurePrice>3.07</UnitOfMeasurePrice>
      <AllowDiscount>1</AllowDiscount>
      <itemStatus>1</itemStatus>
      <LastUpdateDate />
      <LastUpdateTime />
    </Product>
    <Product>
      <PriceUpdateDate>2018/04/26 10:14</PriceUpdateDate>
      <ItemCode>3600523653638</ItemCode>
      <ItemType>1</ItemType>
      <ItemName>אלביב מרכך חימר  550מ"ל</ItemName>
      <ManufactureName>לוריאל ישראל קוסמטיקס בעמ</ManufactureName>
      <ManufactureCountry />
      <ManufactureItemDescription />
      <UnitQty>י"ח</UnitQty>
      <Quantity>550</Quantity>
      <UnitMeasure>ל  מ"ל</UnitMeasure>
      <BisWeighted>0</BisWeighted>
      <QtyInPackage>1</QtyInPackage>
      <ItemPrice>16.90</ItemPrice>
      <UnitOfMeasurePrice>3.07</UnitOfMeasurePrice>
      <AllowDiscount>1</AllowDiscount>
      <itemStatus>1</itemStatus>
      <LastUpdateDate />
      <LastUpdateTime />
    </Product>
    <Product>
      <PriceUpdateDate>2016/06/16 08:36</PriceUpdateDate>
      <ItemCode>3600540928863</ItemCode>
      <ItemType>1</ItemType>
      <ItemName>גרנייה מינרל דאו רול טורקיז</ItemName>
      <ManufactureName>לוריאל ישראל קוסמטיקס בעמ</ManufactureName>
      <ManufactureCountry />
      <ManufactureItemDescription />
      <UnitQty>י"ח</UnitQty>
      <Quantity>50</Quantity>
      <UnitMeasure>ל  מ"ל</UnitMeasure>
      <BisWeighted>0</BisWeighted>
      <QtyInPackage>1</QtyInPackage>
      <ItemPrice>16.90</ItemPrice>
      <UnitOfMeasurePrice>33.80</UnitOfMeasurePrice>
      <AllowDiscount>1</AllowDiscount>
      <itemStatus>1</itemStatus>
      <LastUpdateDate />
      <LastUpdateTime />
    </Product>
    <Product>
      <PriceUpdateDate>2018/04/26 10:10</PriceUpdateDate>
      <ItemCode>3600541518032</ItemCode>
      <ItemType>1</ItemType>
      <ItemName>דאו רול פרוטקשן 6 פלורל</ItemName>
      <ManufactureName>לוריאל ישראל קוסמטיקס בעמ</ManufactureName>
      <ManufactureCountry />
      <ManufactureItemDescription />
      <UnitQty>י"ח</UnitQty>
      <Quantity>1</Quantity>
      <UnitMeasure />
      <BisWeighted>0</BisWeighted>
      <QtyInPackage>1</QtyInPackage>
      <ItemPrice>16.90</ItemPrice>
      <UnitOfMeasurePrice>16.90</UnitOfMeasurePrice>
      <AllowDiscount>1</AllowDiscount>
      <itemStatus>1</itemStatus>
      <LastUpdateDate />
      <LastUpdateTime />
    </Product>
    <Product>
      <PriceUpdateDate>2018/04/26 10:08</PriceUpdateDate>
      <ItemCode>3600541946705</ItemCode>
      <ItemType>1</ItemType>
      <ItemName>גרניה טישו מסק תה ירוק</ItemName>
      <ManufactureName>לוריאל ישראל קוסמטיקס בעמ</ManufactureName>
      <ManufactureCountry />
      <ManufactureItemDescription />
      <UnitQty>י"ח</UnitQty>
      <Quantity>1</Quantity>
      <UnitMeasure />
      <BisWeighted>0</BisWeighted>
      <QtyInPackage>1</QtyInPackage>
      <ItemPrice>14.90</ItemPrice>
      <UnitOfMeasurePrice>14.90</UnitOfMeasurePrice>
      <AllowDiscount>1</AllowDiscount>
      <itemStatus>1</itemStatus>
      <LastUpdateDate />
      <LastUpdateTime />
    </Product>
    <Product>
      <PriceUpdateDate>2018/02/01 15:15</PriceUpdateDate>
      <ItemCode>3600542045667</ItemCode>
      <ItemType>1</ItemType>
      <ItemName>קרם לחות לוריאל ורד</ItemName>
      <ManufactureName>לוריאל ישראל קוסמטיקס בעמ</ManufactureName>
      <ManufactureCountry />
      <ManufactureItemDescription />
      <UnitQty>י"ח</UnitQty>
      <Quantity>1</Quantity>
      <UnitMeasure />
      <BisWeighted>0</BisWeighted>
      <QtyInPackage>1</QtyInPackage>
      <ItemPrice>44.90</ItemPrice>
      <UnitOfMeasurePrice>44.90</UnitOfMeasurePrice>
      <AllowDiscount>1</AllowDiscount>
      <itemStatus>1</itemStatus>
      <LastUpdateDate />
      <LastUpdateTime />
    </Product>
    <Product>
      <PriceUpdateDate>2020/01/20 09:41</PriceUpdateDate>
      <ItemCode>3600542138024</ItemCode>
      <ItemType>1</ItemType>
      <ItemName>גרנייה מיסלר חלב 400 מ``ל</ItemName>
      <ManufactureName>לוריאל ישראל קוסמטיקס בעמ</ManufactureName>
      <ManufactureCountry />
      <ManufactureItemDescription />
      <UnitQty>י"ח</UnitQty>
      <Quantity>400</Quantity>
      <UnitMeasure>ל  מ"ל</UnitMeasure>
      <BisWeighted>0</BisWeighted>
      <QtyInPackage>1</QtyInPackage>
      <ItemPrice>34.90</ItemPrice>
      <UnitOfMeasurePrice>8.73</UnitOfMeasurePrice>
      <AllowDiscount>0</AllowDiscount>
      <itemStatus>1</itemStatus>
      <LastUpdateDate />
      <LastUpdateTime />
    </Product>
    <Product>
      <PriceUpdateDate>2019/05/27 09:19</PriceUpdateDate>
      <ItemCode>3600542168687</ItemCode>
      <ItemType>1</ItemType>
      <ItemName>פיור פיל אוף פחם גרנייה</ItemName>
      <ManufactureName>לוריאל ישראל קוסמטיקס בעמ</ManufactureName>
      <ManufactureCountry />
      <ManufactureItemDescription />
      <UnitQty>י"ח</UnitQty>
      <Quantity>1</Quantity>
      <UnitMeasure />
      <BisWeighted>0</BisWeighted>
      <QtyInPackage>1</QtyInPackage>
      <ItemPrice>34.90</ItemPrice>
      <UnitOfMeasurePrice>34.90</UnitOfMeasurePrice>
      <AllowDiscount>0</AllowDiscount>
      <itemStatus>1</itemStatus>
      <LastUpdateDate />
      <LastUpdateTime />
    </Product>
    <Product>
      <PriceUpdateDate>2020/02/26 15:06</PriceUpdateDate>
      <ItemCode>3800163830066</ItemCode>
      <ItemType>1</ItemType>
      <ItemName>זיתים ירוקים שלמים עם גרעינים במלח 720</ItemName>
      <ManufactureName>נאמן לאורך זמן בעמ</ManufactureName>
      <ManufactureCountry />
      <ManufactureItemDescription />
      <UnitQty>י"ח</UnitQty>
      <Quantity>720</Quantity>
      <UnitMeasure>ל  גרם</UnitMeasure>
      <BisWeighted>0</BisWeighted>
      <QtyInPackage>1</QtyInPackage>
      <ItemPrice>13.90</ItemPrice>
      <UnitOfMeasurePrice>1.93</UnitOfMeasurePrice>
      <AllowDiscount>0</AllowDiscount>
      <itemStatus>1</itemStatus>
      <LastUpdateDate />
      <LastUpdateTime />
    </Product>
    <Product>
      <PriceUpdateDate>2018/07/29 10:23</PriceUpdateDate>
      <ItemCode>3838824127163</ItemCode>
      <ItemType>1</ItemType>
      <ItemName>צבעי שיער בלונד כסוף סמי קיט</ItemName>
      <ManufactureName>הנקל סוד בעמ</ManufactureName>
      <ManufactureCountry />
      <ManufactureItemDescription />
      <UnitQty>י"ח</UnitQty>
      <Quantity>1</Quantity>
      <UnitMeasure />
      <BisWeighted>0</BisWeighted>
      <QtyInPackage>1</QtyInPackage>
      <ItemPrice>19.90</ItemPrice>
      <UnitOfMeasurePrice>19.90</UnitOfMeasurePrice>
      <AllowDiscount>1</AllowDiscount>
      <itemStatus>1</itemStatus>
      <LastUpdateDate />
      <LastUpdateTime />
    </Product>
    <Product>
      <PriceUpdateDate>2018/07/29 10:21</PriceUpdateDate>
      <ItemCode>3838824127248</ItemCode>
      <ItemType>1</ItemType>
      <ItemName>צבעי שיער חום בהיר סמי קיט</ItemName>
      <ManufactureName>הנקל סוד בעמ</ManufactureName>
      <ManufactureCountry />
      <ManufactureItemDescription />
      <UnitQty>י"ח</UnitQty>
      <Quantity>1</Quantity>
      <UnitMeasure />
      <BisWeighted>0</BisWeighted>
      <QtyInPackage>1</QtyInPackage>
      <ItemPrice>19.90</ItemPrice>
      <UnitOfMeasurePrice>19.90</UnitOfMeasurePrice>
      <AllowDiscount>1</AllowDiscount>
      <itemStatus>1</itemStatus>
      <LastUpdateDate />
      <LastUpdateTime />
    </Product>
    <Product>
      <PriceUpdateDate>2018/07/29 10:26</PriceUpdateDate>
      <ItemCode>3838824127583</ItemCode>
      <ItemType>1</ItemType>
      <ItemName>צבעי שיער סמי קיט</ItemName>
      <ManufactureName>הנקל סוד בעמ</ManufactureName>
      <ManufactureCountry />
      <ManufactureItemDescription />
      <UnitQty>י"ח</UnitQty>
      <Quantity>1</Quantity>
      <UnitMeasure />
      <BisWeighted>0</BisWeighted>
      <QtyInPackage>1</QtyInPackage>
      <ItemPrice>19.90</ItemPrice>
      <UnitOfMeasurePrice>19.90</UnitOfMeasurePrice>
      <AllowDiscount>1</AllowDiscount>
      <itemStatus>1</itemStatus>
      <LastUpdateDate />
      <LastUpdateTime />
    </Product>
    <Product>
      <PriceUpdateDate>2018/07/29 10:20</PriceUpdateDate>
      <ItemCode>3838824193915</ItemCode>
      <ItemType>1</ItemType>
      <ItemName>צבעי שיער שחור סמי קיט</ItemName>
      <ManufactureName>הנקל סוד בעמ</ManufactureName>
      <ManufactureCountry />
      <ManufactureItemDescription />
      <UnitQty>י"ח</UnitQty>
      <Quantity>1</Quantity>
      <UnitMeasure />
      <BisWeighted>0</BisWeighted>
      <QtyInPackage>1</QtyInPackage>
      <ItemPrice>19.90</ItemPrice>
      <UnitOfMeasurePrice>19.90</UnitOfMeasurePrice>
      <AllowDiscount>1</AllowDiscount>
      <itemStatus>1</itemStatus>
      <LastUpdateDate />
      <LastUpdateTime />
    </Product>
    <Product>
      <PriceUpdateDate>2018/06/10 11:03</PriceUpdateDate>
      <ItemCode>4000417222008</ItemCode>
      <ItemType>1</ItemType>
      <ItemName>ריטר שוקולד חלב עם שברי אגוזים 100גר`</ItemName>
      <ManufactureName>ליימן שליסל</ManufactureName>
      <ManufactureCountry />
      <ManufactureItemDescription />
      <UnitQty>י"ח</UnitQty>
      <Quantity>100</Quantity>
      <UnitMeasure>ל  גרם</UnitMeasure>
      <BisWeighted>0</BisWeighted>
      <QtyInPackage>1</QtyInPackage>
      <ItemPrice>8.90</ItemPrice>
      <UnitOfMeasurePrice>8.90</UnitOfMeasurePrice>
      <AllowDiscount>0</AllowDiscount>
      <itemStatus>1</itemStatus>
      <LastUpdateDate />
      <LastUpdateTime />
    </Product>
    <Product>
      <PriceUpdateDate>2018/06/10 10:49</PriceUpdateDate>
      <ItemCode>4000417224002</ItemCode>
      <ItemType>1</ItemType>
      <ItemName>ריטר ספורט שוקולד מריר עם אגוזים שלמים</ItemName>
      <ManufactureName>ליימן שליסל</ManufactureName>
      <ManufactureCountry />
      <ManufactureItemDescription />
      <UnitQty>י"ח</UnitQty>
      <Quantity>100</Quantity>
      <UnitMeasure>ל  גרם</UnitMeasure>
      <BisWeighted>0</BisWeighted>
      <QtyInPackage>1</QtyInPackage>
      <ItemPrice>10.90</ItemPrice>
      <UnitOfMeasurePrice>10.90</UnitOfMeasurePrice>
      <AllowDiscount>0</AllowDiscount>
      <itemStatus>1</itemStatus>
      <LastUpdateDate />
      <LastUpdateTime />
    </Product>
    <Product>
      <PriceUpdateDate>2020/01/28 09:06</PriceUpdateDate>
      <ItemCode>4001432773230</ItemCode>
      <ItemType>1</ItemType>
      <ItemName>יין בלו ווין מבעבע זהב כשר 750מ"ל מאר</ItemName>
      <ManufactureName>היכל היין שקד גולן בעמ</ManufactureName>
      <ManufactureCountry />
      <ManufactureItemDescription />
      <UnitQty>י"ח</UnitQty>
      <Quantity>750</Quantity>
      <UnitMeasure>ל  מ"ל</UnitMeasure>
      <BisWeighted>0</BisWeighted>
      <QtyInPackage>1</QtyInPackage>
      <ItemPrice>59.90</ItemPrice>
      <UnitOfMeasurePrice>7.95</UnitOfMeasurePrice>
      <AllowDiscount>1</AllowDiscount>
      <itemStatus>1</itemStatus>
      <LastUpdateDate />
      <LastUpdateTime />
    </Product>
    <Product>
      <PriceUpdateDate>2019/10/02 10:41</PriceUpdateDate>
      <ItemCode>4002448019480</ItemCode>
      <ItemType>1</ItemType>
      <ItemName>~סיליט באנג מסיר שומנים</ItemName>
      <ManufactureName>רקיט בנקיזר (ניר איסט) בעמ</ManufactureName>
      <ManufactureCountry />
      <ManufactureItemDescription />
      <UnitQty>י"ח</UnitQty>
      <Quantity>750</Quantity>
      <UnitMeasure>ל  מ"ל</UnitMeasure>
      <BisWeighted>0</BisWeighted>
      <QtyInPackage>1</QtyInPackage>
      <ItemPrice>12.90</ItemPrice>
      <UnitOfMeasurePrice>1.72</UnitOfMeasurePrice>
      <AllowDiscount>1</AllowDiscount>
      <itemStatus>1</itemStatus>
      <LastUpdateDate />
      <LastUpdateTime />
    </Product>
    <Product>
      <PriceUpdateDate>2014/01/08 17:32</PriceUpdateDate>
      <ItemCode>4002575016253</ItemCode>
      <ItemType>1</ItemType>
      <ItemName>מרצפן 100גר.</ItemName>
      <ManufactureName>ליימן שליסל</ManufactureName>
      <ManufactureCountry />
      <ManufactureItemDescription />
      <UnitQty>י"ח</UnitQty>
      <Quantity>100</Quantity>
      <UnitMeasure>ל  גרם</UnitMeasure>
      <BisWeighted>0</BisWeighted>
      <QtyInPackage>1</QtyInPackage>
      <ItemPrice>9.50</ItemPrice>
      <UnitOfMeasurePrice>9.50</UnitOfMeasurePrice>
      <AllowDiscount>0</AllowDiscount>
      <itemStatus>1</itemStatus>
      <LastUpdateDate />
      <LastUpdateTime />
    </Product>
    <Product>
      <PriceUpdateDate>2018/10/14 16:05</PriceUpdateDate>
      <ItemCode>4004666042004</ItemCode>
      <ItemType>1</ItemType>
      <ItemName>מלרוז משמיד עובש</ItemName>
      <ManufactureName>יעקב יעקבי ובניו בעמ</ManufactureName>
      <ManufactureCountry />
      <ManufactureItemDescription />
      <UnitQty>י"ח</UnitQty>
      <Quantity>750</Quantity>
      <UnitMeasure>ל  מ"ל</UnitMeasure>
      <BisWeighted>0</BisWeighted>
      <QtyInPackage>1</QtyInPackage>
      <ItemPrice>31.50</ItemPrice>
      <UnitOfMeasurePrice>4.20</UnitOfMeasurePrice>
      <AllowDiscount>0</AllowDiscount>
      <itemStatus>1</itemStatus>
      <LastUpdateDate />
      <LastUpdateTime />
    </Product>
    <Product>
      <PriceUpdateDate>2017/09/26 14:41</PriceUpdateDate>
      <ItemCode>4005808366392</ItemCode>
      <ItemType>1</ItemType>
      <ItemName>שפתון לבלו כחול</ItemName>
      <ManufactureName>אלפא ב.ד.ף בעמ</ManufactureName>
      <ManufactureCountry />
      <ManufactureItemDescription />
      <UnitQty>י"ח</UnitQty>
      <Quantity>1</Quantity>
      <UnitMeasure />
      <BisWeighted>0</BisWeighted>
      <QtyInPackage>1</QtyInPackage>
      <ItemPrice>11.90</ItemPrice>
      <UnitOfMeasurePrice>11.90</UnitOfMeasurePrice>
      <AllowDiscount>1</AllowDiscount>
      <itemStatus>1</itemStatus>
      <LastUpdateDate />
      <LastUpdateTime />
    </Product>
    <Product>
      <PriceUpdateDate>2013/11/21 14:32</PriceUpdateDate>
      <ItemCode>4005808890507</ItemCode>
      <ItemType>1</ItemType>
      <ItemName>קרם ניוואה סופט צנצנת 200מ"ל</ItemName>
      <ManufactureName>אלפא ב.ד.ף בעמ</ManufactureName>
      <ManufactureCountry />
      <ManufactureItemDescription />
      <UnitQty>י"ח</UnitQty>
      <Quantity>250</Quantity>
      <UnitMeasure>ל  גרם</UnitMeasure>
      <BisWeighted>0</BisWeighted>
      <QtyInPackage>1</QtyInPackage>
      <ItemPrice>33.90</ItemPrice>
      <UnitOfMeasurePrice>13.56</UnitOfMeasurePrice>
      <AllowDiscount>1</AllowDiscount>
      <itemStatus>1</itemStatus>
      <LastUpdateDate />
      <LastUpdateTime />
    </Product>
    <Product>
      <PriceUpdateDate>2019/01/13 11:56</PriceUpdateDate>
      <ItemCode>4005900485243</ItemCode>
      <ItemType>1</ItemType>
      <ItemName>רול און דרי פרש גבר ניוואה</ItemName>
      <ManufactureName>אלפא ב.ד.ף בעמ</ManufactureName>
      <ManufactureCountry />
      <ManufactureItemDescription />
      <UnitQty>י"ח</UnitQty>
      <Quantity>50</Quantity>
      <UnitMeasure>ל  מ"ל</UnitMeasure>
      <BisWeighted>0</BisWeighted>
      <QtyInPackage>1</QtyInPackage>
      <ItemPrice>21.90</ItemPrice>
      <UnitOfMeasurePrice>43.80</UnitOfMeasurePrice>
      <AllowDiscount>1</AllowDiscount>
      <itemStatus>1</itemStatus>
      <LastUpdateDate />
      <LastUpdateTime />
    </Product>
    <Product>
      <PriceUpdateDate>2013/11/21 14:53</PriceUpdateDate>
      <ItemCode>4005900816115</ItemCode>
      <ItemType>1</ItemType>
      <ItemName>דאו  רול און לאשה יבש</ItemName>
      <ManufactureName>אלפא ב.ד.ף בעמ</ManufactureName>
      <ManufactureCountry />
      <ManufactureItemDescription />
      <UnitQty>י"ח</UnitQty>
      <Quantity>50</Quantity>
      <UnitMeasure>ל  מ"ל</UnitMeasure>
      <BisWeighted>0</BisWeighted>
      <QtyInPackage>1</QtyInPackage>
      <ItemPrice>21.90</ItemPrice>
      <UnitOfMeasurePrice>43.80</UnitOfMeasurePrice>
      <AllowDiscount>1</AllowDiscount>
      <itemStatus>1</itemStatus>
      <LastUpdateDate />
      <LastUpdateTime />
    </Product>
    <Product>
      <PriceUpdateDate>2019/09/17 09:20</PriceUpdateDate>
      <ItemCode>4009300524588</ItemCode>
      <ItemType>1</ItemType>
      <ItemName>פומפדור חליטת פירות יער</ItemName>
      <ManufactureName>ש.שסטוביץ בעמ</ManufactureName>
      <ManufactureCountry />
      <ManufactureItemDescription />
      <UnitQty>י"ח</UnitQty>
      <Quantity>300</Quantity>
      <UnitMeasure>ל  גרם</UnitMeasure>
      <BisWeighted>0</BisWeighted>
      <QtyInPackage>1</QtyInPackage>
      <ItemPrice>14.50</ItemPrice>
      <UnitOfMeasurePrice>4.83</UnitOfMeasurePrice>
      <AllowDiscount>0</AllowDiscount>
      <itemStatus>1</itemStatus>
      <LastUpdateDate />
      <LastUpdateTime />
    </Product>
    <Product>
      <PriceUpdateDate>2014/10/06 09:56</PriceUpdateDate>
      <ItemCode>4009300526438</ItemCode>
      <ItemType>1</ItemType>
      <ItemName>תה ירוק קלאסי 30ג</ItemName>
      <ManufactureName>ש.שסטוביץ בעמ</ManufactureName>
      <ManufactureCountry />
      <ManufactureItemDescription />
      <UnitQty>י"ח</UnitQty>
      <Quantity>30</Quantity>
      <UnitMeasure>ל  גרם</UnitMeasure>
      <BisWeighted>0</BisWeighted>
      <QtyInPackage>1</QtyInPackage>
      <ItemPrice>19.40</ItemPrice>
      <UnitOfMeasurePrice>64.67</UnitOfMeasurePrice>
      <AllowDiscount>0</AllowDiscount>
      <itemStatus>1</itemStatus>
      <LastUpdateDate />
      <LastUpdateTime />
    </Product>
    <Product>
      <PriceUpdateDate>2018/10/23 11:16</PriceUpdateDate>
      <ItemCode>4009900402965</ItemCode>
      <ItemType>1</ItemType>
      <ItemName>אורביט בקבוקון WHITE טעם פירות</ItemName>
      <ManufactureName>לפ מרס מולטיסיילס ישראל</ManufactureName>
      <ManufactureCountry />
      <ManufactureItemDescription />
      <UnitQty>י"ח</UnitQty>
      <Quantity>90</Quantity>
      <UnitMeasure>ל  גרם</UnitMeasure>
      <BisWeighted>0</BisWeighted>
      <QtyInPackage>1</QtyInPackage>
      <ItemPrice>10.50</ItemPrice>
      <UnitOfMeasurePrice>11.67</UnitOfMeasurePrice>
      <AllowDiscount>0</AllowDiscount>
      <itemStatus>1</itemStatus>
      <LastUpdateDate />
      <LastUpdateTime />
    </Product>
    <Product>
      <PriceUpdateDate>2018/10/23 11:16</PriceUpdateDate>
      <ItemCode>4009900403023</ItemCode>
      <ItemType>1</ItemType>
      <ItemName>אורביט בקבוקון WHITE טעם מנטה</ItemName>
      <ManufactureName>לפ מרס מולטיסיילס ישראל</ManufactureName>
      <ManufactureCountry />
      <ManufactureItemDescription />
      <UnitQty>י"ח</UnitQty>
      <Quantity>90</Quantity>
      <UnitMeasure>ל  גרם</UnitMeasure>
      <BisWeighted>0</BisWeighted>
      <QtyInPackage>1</QtyInPackage>
      <ItemPrice>10.50</ItemPrice>
      <UnitOfMeasurePrice>11.67</UnitOfMeasurePrice>
      <AllowDiscount>0</AllowDiscount>
      <itemStatus>1</itemStatus>
      <LastUpdateDate />
      <LastUpdateTime />
    </Product>
    <Product>
      <PriceUpdateDate>2019/01/16 12:38</PriceUpdateDate>
      <ItemCode>4009900420129</ItemCode>
      <ItemType>1</ItemType>
      <ItemName>אורביט בקבוקון פרופשיונל פפרמינט</ItemName>
      <ManufactureName>לפ מרס מולטיסיילס ישראל</ManufactureName>
      <ManufactureCountry />
      <ManufactureItemDescription />
      <UnitQty>י"ח</UnitQty>
      <Quantity>90</Quantity>
      <UnitMeasure>ל  גרם</UnitMeasure>
      <BisWeighted>0</BisWeighted>
      <QtyInPackage>1</QtyInPackage>
      <ItemPrice>10.50</ItemPrice>
      <UnitOfMeasurePrice>11.67</UnitOfMeasurePrice>
      <AllowDiscount>0</AllowDiscount>
      <itemStatus>1</itemStatus>
      <LastUpdateDate />
      <LastUpdateTime />
    </Product>
    <Product>
      <PriceUpdateDate>2014/11/13 14:48</PriceUpdateDate>
      <ItemCode>4009900455299</ItemCode>
      <ItemType>1</ItemType>
      <ItemName>סוכריות סקיטלס פירות 174ג</ItemName>
      <ManufactureName>לפ מרס מולטיסיילס ישראל</ManufactureName>
      <ManufactureCountry />
      <ManufactureItemDescription />
      <UnitQty>י"ח</UnitQty>
      <Quantity>174</Quantity>
      <UnitMeasure>ל  גרם</UnitMeasure>
      <BisWeighted>0</BisWeighted>
      <QtyInPackage>1</QtyInPackage>
      <ItemPrice>8.90</ItemPrice>
      <UnitOfMeasurePrice>5.11</UnitOfMeasurePrice>
      <AllowDiscount>0</AllowDiscount>
      <itemStatus>1</itemStatus>
      <LastUpdateDate />
      <LastUpdateTime />
    </Product>
    <Product>
      <PriceUpdateDate>2019/12/18 07:16</PriceUpdateDate>
      <ItemCode>4009900458504</ItemCode>
      <ItemType>1</ItemType>
      <ItemName>אורביט בקבוקון WHITE טעם הדרים</ItemName>
      <ManufactureName>לפ מרס מולטיסיילס ישראל</ManufactureName>
      <ManufactureCountry />
      <ManufactureItemDescription />
      <UnitQty>י"ח</UnitQty>
      <Quantity>90</Quantity>
      <UnitMeasure>ל  גרם</UnitMeasure>
      <BisWeighted>0</BisWeighted>
      <QtyInPackage>1</QtyInPackage>
      <ItemPrice>10.50</ItemPrice>
      <UnitOfMeasurePrice>11.67</UnitOfMeasurePrice>
      <AllowDiscount>0</AllowDiscount>
      <itemStatus>1</itemStatus>
      <LastUpdateDate />
      <LastUpdateTime />
    </Product>
    <Product>
      <PriceUpdateDate>2018/10/23 11:16</PriceUpdateDate>
      <ItemCode>4009900479998</ItemCode>
      <ItemType>1</ItemType>
      <ItemName>אורביט בקבוקון WHITE טעם אוכמניות</ItemName>
      <ManufactureName>לפ מרס מולטיסיילס ישראל</ManufactureName>
      <ManufactureCountry />
      <ManufactureItemDescription />
      <UnitQty>י"ח</UnitQty>
      <Quantity>90</Quantity>
      <UnitMeasure>ל  גרם</UnitMeasure>
      <BisWeighted>0</BisWeighted>
      <QtyInPackage>1</QtyInPackage>
      <ItemPrice>10.50</ItemPrice>
      <UnitOfMeasurePrice>11.67</UnitOfMeasurePrice>
      <AllowDiscount>0</AllowDiscount>
      <itemStatus>1</itemStatus>
      <LastUpdateDate />
      <LastUpdateTime />
    </Product>
    <Product>
      <PriceUpdateDate>2014/01/07 15:13</PriceUpdateDate>
      <ItemCode>4009900484060</ItemCode>
      <ItemType>1</ItemType>
      <ItemName>אורביט בקבוק 60יח פפרמינט</ItemName>
      <ManufactureName>לפ מרס מולטיסיילס ישראל</ManufactureName>
      <ManufactureCountry />
      <ManufactureItemDescription />
      <UnitQty>י"ח</UnitQty>
      <Quantity>84</Quantity>
      <UnitMeasure>ל  גרם</UnitMeasure>
      <BisWeighted>0</BisWeighted>
      <QtyInPackage>1</QtyInPackage>
      <ItemPrice>13</ItemPrice>
      <UnitOfMeasurePrice>15.48</UnitOfMeasurePrice>
      <AllowDiscount>0</AllowDiscount>
      <itemStatus>1</itemStatus>
      <LastUpdateDate />
      <LastUpdateTime />
    </Product>
    <Product>
      <PriceUpdateDate>2019/03/21 10:00</PriceUpdateDate>
      <ItemCode>4009900484732</ItemCode>
      <ItemType>1</ItemType>
      <ItemName>אורביט שקית פפרמינט.</ItemName>
      <ManufactureName>לפ מרס מולטיסיילס ישראל</ManufactureName>
      <ManufactureCountry />
      <ManufactureItemDescription />
      <UnitQty>י"ח</UnitQty>
      <Quantity>58</Quantity>
      <UnitMeasure>ל  גרם</UnitMeasure>
      <BisWeighted>0</BisWeighted>
      <QtyInPackage>1</QtyInPackage>
      <ItemPrice>7.90</ItemPrice>
      <UnitOfMeasurePrice>13.62</UnitOfMeasurePrice>
      <AllowDiscount>0</AllowDiscount>
      <itemStatus>1</itemStatus>
      <LastUpdateDate />
      <LastUpdateTime />
    </Product>
    <Product>
      <PriceUpdateDate>2018/10/23 11:16</PriceUpdateDate>
      <ItemCode>4009900504218</ItemCode>
      <ItemType>1</ItemType>
      <ItemName>אורביט בקבוקון WHITE טעם תפוז</ItemName>
      <ManufactureName>לפ מרס מולטיסיילס ישראל</ManufactureName>
      <ManufactureCountry />
      <ManufactureItemDescription />
      <UnitQty>י"ח</UnitQty>
      <Quantity>90</Quantity>
      <UnitMeasure>ל  גרם</UnitMeasure>
      <BisWeighted>0</BisWeighted>
      <QtyInPackage>1</QtyInPackage>
      <ItemPrice>10.50</ItemPrice>
      <UnitOfMeasurePrice>11.67</UnitOfMeasurePrice>
      <AllowDiscount>0</AllowDiscount>
      <itemStatus>1</itemStatus>
      <LastUpdateDate />
      <LastUpdateTime />
    </Product>
    <Product>
      <PriceUpdateDate>2019/03/21 10:00</PriceUpdateDate>
      <ItemCode>4009900517102</ItemCode>
      <ItemType>1</ItemType>
      <ItemName>אורביט שקית בבלמינט.</ItemName>
      <ManufactureName>לפ מרס מולטיסיילס ישראל</ManufactureName>
      <ManufactureCountry />
      <ManufactureItemDescription />
      <UnitQty>י"ח</UnitQty>
      <Quantity>58</Quantity>
      <UnitMeasure>ל  גרם</UnitMeasure>
      <BisWeighted>0</BisWeighted>
      <QtyInPackage>1</QtyInPackage>
      <ItemPrice>7.90</ItemPrice>
      <UnitOfMeasurePrice>13.62</UnitOfMeasurePrice>
      <AllowDiscount>0</AllowDiscount>
      <itemStatus>1</itemStatus>
      <LastUpdateDate />
      <LastUpdateTime />
    </Product>
    <Product>
      <PriceUpdateDate>2017/11/13 14:29</PriceUpdateDate>
      <ItemCode>4009900521611</ItemCode>
      <ItemType>1</ItemType>
      <ItemName>אורביט סוכריות מינטס דובדבן</ItemName>
      <ManufactureName>לפ מרס מולטיסיילס ישראל</ManufactureName>
      <ManufactureCountry />
      <ManufactureItemDescription />
      <UnitQty>י"ח</UnitQty>
      <Quantity>77</Quantity>
      <UnitMeasure>ל  גרם</UnitMeasure>
      <BisWeighted>0</BisWeighted>
      <QtyInPackage>1</QtyInPackage>
      <ItemPrice>9.90</ItemPrice>
      <UnitOfMeasurePrice>12.86</UnitOfMeasurePrice>
      <AllowDiscount>0</AllowDiscount>
      <itemStatus>1</itemStatus>
      <LastUpdateDate />
      <LastUpdateTime />
    </Product>
    <Product>
      <PriceUpdateDate>2019/12/18 07:16</PriceUpdateDate>
      <ItemCode>4009900525138</ItemCode>
      <ItemType>1</ItemType>
      <ItemName>אורביט בקבוקון WHITE טעם תות</ItemName>
      <ManufactureName>לפ מרס מולטיסיילס ישראל</ManufactureName>
      <ManufactureCountry />
      <ManufactureItemDescription />
      <UnitQty>י"ח</UnitQty>
      <Quantity>90</Quantity>
      <UnitMeasure>ל  גרם</UnitMeasure>
      <BisWeighted>0</BisWeighted>
      <QtyInPackage>1</QtyInPackage>
      <ItemPrice>10.50</ItemPrice>
      <UnitOfMeasurePrice>11.67</UnitOfMeasurePrice>
      <AllowDiscount>0</AllowDiscount>
      <itemStatus>1</itemStatus>
      <LastUpdateDate />
      <LastUpdateTime />
    </Product>
    <Product>
      <PriceUpdateDate>2019/03/21 10:00</PriceUpdateDate>
      <ItemCode>4009900531573</ItemCode>
      <ItemType>1</ItemType>
      <ItemName>סוכריות סקיטלס סמודיס  174ג.</ItemName>
      <ManufactureName>לפ מרס מולטיסיילס ישראל</ManufactureName>
      <ManufactureCountry />
      <ManufactureItemDescription />
      <UnitQty>י"ח</UnitQty>
      <Quantity>174</Quantity>
      <UnitMeasure>ל  גרם</UnitMeasure>
      <BisWeighted>0</BisWeighted>
      <QtyInPackage>1</QtyInPackage>
      <ItemPrice>8.90</ItemPrice>
      <UnitOfMeasurePrice>5.11</UnitOfMeasurePrice>
      <AllowDiscount>0</AllowDiscount>
      <itemStatus>1</itemStatus>
      <LastUpdateDate />
      <LastUpdateTime />
    </Product>
    <Product>
      <PriceUpdateDate>2017/10/30 15:34</PriceUpdateDate>
      <ItemCode>4011100001220</ItemCode>
      <ItemType>1</ItemType>
      <ItemName>מרס מיני 403ג שקית</ItemName>
      <ManufactureName>לפ מרס מולטיסיילס ישראל</ManufactureName>
      <ManufactureCountry />
      <ManufactureItemDescription />
      <UnitQty>י"ח</UnitQty>
      <Quantity>403</Quantity>
      <UnitMeasure>ל  גרם</UnitMeasure>
      <BisWeighted>0</BisWeighted>
      <QtyInPackage>1</QtyInPackage>
      <ItemPrice>22.90</ItemPrice>
      <UnitOfMeasurePrice>5.68</UnitOfMeasurePrice>
      <AllowDiscount>0</AllowDiscount>
      <itemStatus>1</itemStatus>
      <LastUpdateDate />
      <LastUpdateTime />
    </Product>
    <Product>
      <PriceUpdateDate>2019/06/25 07:48</PriceUpdateDate>
      <ItemCode>4011800536022</ItemCode>
      <ItemType>1</ItemType>
      <ItemName>קורני  קראנצ`שוקו 120 ג`</ItemName>
      <ManufactureName>מ.סידס ובנו בעמ</ManufactureName>
      <ManufactureCountry />
      <ManufactureItemDescription />
      <UnitQty>י"ח</UnitQty>
      <Quantity>120</Quantity>
      <UnitMeasure>ל  גרם</UnitMeasure>
      <BisWeighted>0</BisWeighted>
      <QtyInPackage>1</QtyInPackage>
      <ItemPrice>14.80</ItemPrice>
      <UnitOfMeasurePrice>12.33</UnitOfMeasurePrice>
      <AllowDiscount>0</AllowDiscount>
      <itemStatus>1</itemStatus>
      <LastUpdateDate />
      <LastUpdateTime />
    </Product>
    <Product>
      <PriceUpdateDate>2018/04/23 15:58</PriceUpdateDate>
      <ItemCode>4011800628512</ItemCode>
      <ItemType>1</ItemType>
      <ItemName>קורני בייס שוקו 150 ג</ItemName>
      <ManufactureName>מ.סידס ובנו בעמ</ManufactureName>
      <ManufactureCountry />
      <ManufactureItemDescription />
      <UnitQty>י"ח</UnitQty>
      <Quantity>150</Quantity>
      <UnitMeasure>ל  גרם</UnitMeasure>
      <BisWeighted>0</BisWeighted>
      <QtyInPackage>1</QtyInPackage>
      <ItemPrice>14.80</ItemPrice>
      <UnitOfMeasurePrice>9.87</UnitOfMeasurePrice>
      <AllowDiscount>0</AllowDiscount>
      <itemStatus>1</itemStatus>
      <LastUpdateDate />
      <LastUpdateTime />
    </Product>
    <Product>
      <PriceUpdateDate>2014/05/11 17:41</PriceUpdateDate>
      <ItemCode>4011800630515</ItemCode>
      <ItemType>1</ItemType>
      <ItemName>קורני בייס שוק בננה 150 ג</ItemName>
      <ManufactureName>מ.סידס ובנו בעמ</ManufactureName>
      <ManufactureCountry />
      <ManufactureItemDescription />
      <UnitQty>י"ח</UnitQty>
      <Quantity>150</Quantity>
      <UnitMeasure>ל  גרם</UnitMeasure>
      <BisWeighted>0</BisWeighted>
      <QtyInPackage>1</QtyInPackage>
      <ItemPrice>14.80</ItemPrice>
      <UnitOfMeasurePrice>9.87</UnitOfMeasurePrice>
      <AllowDiscount>0</AllowDiscount>
      <itemStatus>1</itemStatus>
      <LastUpdateDate />
      <LastUpdateTime />
    </Product>
    <Product>
      <PriceUpdateDate>2019/05/21 09:45</PriceUpdateDate>
      <ItemCode>4014400910063</ItemCode>
      <ItemType>1</ItemType>
      <ItemName>וורטר טופי 135גר`</ItemName>
      <ManufactureName>ליימן שליסל</ManufactureName>
      <ManufactureCountry />
      <ManufactureItemDescription />
      <UnitQty>י"ח</UnitQty>
      <Quantity>135</Quantity>
      <UnitMeasure>ל  גרם</UnitMeasure>
      <BisWeighted>0</BisWeighted>
      <QtyInPackage>1</QtyInPackage>
      <ItemPrice>8.90</ItemPrice>
      <UnitOfMeasurePrice>6.59</UnitOfMeasurePrice>
      <AllowDiscount>0</AllowDiscount>
      <itemStatus>1</itemStatus>
      <LastUpdateDate />
      <LastUpdateTime />
    </Product>
    <Product>
      <PriceUpdateDate>2015/05/25 13:47</PriceUpdateDate>
      <ItemCode>4014400920857</ItemCode>
      <ItemType>1</ItemType>
      <ItemName>וורטל ללא סוכר טעם שוקולד שקית 70גר`</ItemName>
      <ManufactureName>ליימן שליסל</ManufactureName>
      <ManufactureCountry />
      <ManufactureItemDescription />
      <UnitQty>י"ח</UnitQty>
      <Quantity>70</Quantity>
      <UnitMeasure>ל  גרם</UnitMeasure>
      <BisWeighted>0</BisWeighted>
      <QtyInPackage>1</QtyInPackage>
      <ItemPrice>8.90</ItemPrice>
      <UnitOfMeasurePrice>12.71</UnitOfMeasurePrice>
      <AllowDiscount>0</AllowDiscount>
      <itemStatus>1</itemStatus>
      <LastUpdateDate />
      <LastUpdateTime />
    </Product>
    <Product>
      <PriceUpdateDate>2013/12/03 15:05</PriceUpdateDate>
      <ItemCode>4014522825801</ItemCode>
      <ItemType>1</ItemType>
      <ItemName>יוגטה מיני פירות 135 גר`</ItemName>
      <ManufactureName>ליימן שליסל</ManufactureName>
      <ManufactureCountry />
      <ManufactureItemDescription />
      <UnitQty>י"ח</UnitQty>
      <Quantity>135</Quantity>
      <UnitMeasure>ל  גרם</UnitMeasure>
      <BisWeighted>0</BisWeighted>
      <QtyInPackage>1</QtyInPackage>
      <ItemPrice>10.40</ItemPrice>
      <UnitOfMeasurePrice>7.70</UnitOfMeasurePrice>
      <AllowDiscount>0</AllowDiscount>
      <itemStatus>1</itemStatus>
      <LastUpdateDate />
      <LastUpdateTime />
    </Product>
    <Product>
      <PriceUpdateDate>2018/09/26 11:29</PriceUpdateDate>
      <ItemCode>4015100204100</ItemCode>
      <ItemType>1</ItemType>
      <ItemName>סאיוס מוס סלון פלאקס 250מ"ל</ItemName>
      <ManufactureName>הנקל סוד בעמ</ManufactureName>
      <ManufactureCountry />
      <ManufactureItemDescription />
      <UnitQty>י"ח</UnitQty>
      <Quantity>250</Quantity>
      <UnitMeasure>ל  מ"ל</UnitMeasure>
      <BisWeighted>0</BisWeighted>
      <QtyInPackage>1</QtyInPackage>
      <ItemPrice>27.50</ItemPrice>
      <UnitOfMeasurePrice>11</UnitOfMeasurePrice>
      <AllowDiscount>0</AllowDiscount>
      <itemStatus>1</itemStatus>
      <LastUpdateDate />
      <LastUpdateTime />
    </Product>
    <Product>
      <PriceUpdateDate>2018/05/17 10:53</PriceUpdateDate>
      <ItemCode>4015400564034</ItemCode>
      <ItemType>1</ItemType>
      <ItemName>אולדייז מגה פק לונג פלוס 58 יח`***</ItemName>
      <ManufactureName>דיפלומט מפיצים 1968 בעמ</ManufactureName>
      <ManufactureCountry />
      <ManufactureItemDescription />
      <UnitQty>י"ח</UnitQty>
      <Quantity>58</Quantity>
      <UnitMeasure>י"ח</UnitMeasure>
      <BisWeighted>0</BisWeighted>
      <QtyInPackage>1</QtyInPackage>
      <ItemPrice>23.90</ItemPrice>
      <UnitOfMeasurePrice>0.41</UnitOfMeasurePrice>
      <AllowDiscount>1</AllowDiscount>
      <itemStatus>1</itemStatus>
      <LastUpdateDate />
      <LastUpdateTime />
    </Product>
    <Product>
      <PriceUpdateDate>2018/08/17 12:59</PriceUpdateDate>
      <ItemCode>4015400598329</ItemCode>
      <ItemType>1</ItemType>
      <ItemName>אולוויז קוואטרו נורמל פלוס 56יח</ItemName>
      <ManufactureName>דיפלומט מפיצים 1968 בעמ</ManufactureName>
      <ManufactureCountry />
      <ManufactureItemDescription />
      <UnitQty>י"ח</UnitQty>
      <Quantity>1</Quantity>
      <UnitMeasure />
      <BisWeighted>0</BisWeighted>
      <QtyInPackage>1</QtyInPackage>
      <ItemPrice>39.90</ItemPrice>
      <UnitOfMeasurePrice>39.90</UnitOfMeasurePrice>
      <AllowDiscount>0</AllowDiscount>
      <itemStatus>1</itemStatus>
      <LastUpdateDate />
      <LastUpdateTime />
    </Product>
    <Product>
      <PriceUpdateDate>2018/08/17 13:00</PriceUpdateDate>
      <ItemCode>4015400598381</ItemCode>
      <ItemType>1</ItemType>
      <ItemName>אולוויז קוואטרו לונג פלוס 48יח</ItemName>
      <ManufactureName>דיפלומט מפיצים 1968 בעמ</ManufactureName>
      <ManufactureCountry />
      <ManufactureItemDescription />
      <UnitQty>י"ח</UnitQty>
      <Quantity>1</Quantity>
      <UnitMeasure />
      <BisWeighted>0</BisWeighted>
      <QtyInPackage>1</QtyInPackage>
      <ItemPrice>39.90</ItemPrice>
      <UnitOfMeasurePrice>39.90</UnitOfMeasurePrice>
      <AllowDiscount>0</AllowDiscount>
      <itemStatus>1</itemStatus>
      <LastUpdateDate />
      <LastUpdateTime />
    </Product>
    <Product>
      <PriceUpdateDate>2018/10/23 11:53</PriceUpdateDate>
      <ItemCode>4015400629368</ItemCode>
      <ItemType>1</ItemType>
      <ItemName>תחבושות אולוויז דיסקרט סמול פלוס1/16</ItemName>
      <ManufactureName>דיפלומט מפיצים 1968 בעמ</ManufactureName>
      <ManufactureCountry />
      <ManufactureItemDescription />
      <UnitQty>י"ח</UnitQty>
      <Quantity>1</Quantity>
      <UnitMeasure />
      <BisWeighted>0</BisWeighted>
      <QtyInPackage>1</QtyInPackage>
      <ItemPrice>19.90</ItemPrice>
      <UnitOfMeasurePrice>19.90</UnitOfMeasurePrice>
      <AllowDiscount>0</AllowDiscount>
      <itemStatus>1</itemStatus>
      <LastUpdateDate />
      <LastUpdateTime />
    </Product>
    <Product>
      <PriceUpdateDate>2015/07/26 15:23</PriceUpdateDate>
      <ItemCode>4015400681670</ItemCode>
      <ItemType>1</ItemType>
      <ItemName>אולוויז לילה בטוח 18יח</ItemName>
      <ManufactureName>דיפלומט מפיצים 1968 בעמ</ManufactureName>
      <ManufactureCountry />
      <ManufactureItemDescription />
      <UnitQty>י"ח</UnitQty>
      <Quantity>1</Quantity>
      <UnitMeasure />
      <BisWeighted>0</BisWeighted>
      <QtyInPackage>1</QtyInPackage>
      <ItemPrice>25.90</ItemPrice>
      <UnitOfMeasurePrice>25.90</UnitOfMeasurePrice>
      <AllowDiscount>1</AllowDiscount>
      <itemStatus>1</itemStatus>
      <LastUpdateDate />
      <LastUpdateTime />
    </Product>
    <Product>
      <PriceUpdateDate>2018/05/17 10:53</PriceUpdateDate>
      <ItemCode>4015400746812</ItemCode>
      <ItemType>1</ItemType>
      <ItemName>אולדייז מגה פק נורמל 80יח`***</ItemName>
      <ManufactureName>דיפלומט מפיצים 1968 בעמ</ManufactureName>
      <ManufactureCountry />
      <ManufactureItemDescription />
      <UnitQty>י"ח</UnitQty>
      <Quantity>80</Quantity>
      <UnitMeasure>י"ח</UnitMeasure>
      <BisWeighted>0</BisWeighted>
      <QtyInPackage>1</QtyInPackage>
      <ItemPrice>23.90</ItemPrice>
      <UnitOfMeasurePrice>0.30</UnitOfMeasurePrice>
      <AllowDiscount>1</AllowDiscount>
      <itemStatus>1</itemStatus>
      <LastUpdateDate />
      <LastUpdateTime />
    </Product>
    <Product>
      <PriceUpdateDate>2016/07/04 15:58</PriceUpdateDate>
      <ItemCode>4015400755487</ItemCode>
      <ItemType>1</ItemType>
      <ItemName>אולוויז וליו פק  לונג פלוס  24יח`</ItemName>
      <ManufactureName>דיפלומט מפיצים 1968 בעמ</ManufactureName>
      <ManufactureCountry />
      <ManufactureItemDescription />
      <UnitQty>י"ח</UnitQty>
      <Quantity>1</Quantity>
      <UnitMeasure />
      <BisWeighted>0</BisWeighted>
      <QtyInPackage>1</QtyInPackage>
      <ItemPrice>25.90</ItemPrice>
      <UnitOfMeasurePrice>25.90</UnitOfMeasurePrice>
      <AllowDiscount>1</AllowDiscount>
      <itemStatus>1</itemStatus>
      <LastUpdateDate />
      <LastUpdateTime />
    </Product>
    <Product>
      <PriceUpdateDate>2018/12/23 13:13</PriceUpdateDate>
      <ItemCode>4015400990482</ItemCode>
      <ItemType>1</ItemType>
      <ItemName>אריאל אבקת כביסה קולור 3ק"ג</ItemName>
      <ManufactureName>דיפלומט מפיצים 1968 בעמ</ManufactureName>
      <ManufactureCountry />
      <ManufactureItemDescription />
      <UnitQty>י"ח</UnitQty>
      <Quantity>3</Quantity>
      <UnitMeasure>ק"ג</UnitMeasure>
      <BisWeighted>0</BisWeighted>
      <QtyInPackage>1</QtyInPackage>
      <ItemPrice>33.90</ItemPrice>
      <UnitOfMeasurePrice>11.30</UnitOfMeasurePrice>
      <AllowDiscount>1</AllowDiscount>
      <itemStatus>1</itemStatus>
      <LastUpdateDate />
      <LastUpdateTime />
    </Product>
    <Product>
      <PriceUpdateDate>2017/01/09 10:42</PriceUpdateDate>
      <ItemCode>4015600762742</ItemCode>
      <ItemType>1</ItemType>
      <ItemName>הד שולדרס שמפו קלאסי  500מ"ל</ItemName>
      <ManufactureName>דיפלומט מפיצים 1968 בעמ</ManufactureName>
      <ManufactureCountry />
      <ManufactureItemDescription />
      <UnitQty>י"ח</UnitQty>
      <Quantity>500</Quantity>
      <UnitMeasure>ל  מ"ל</UnitMeasure>
      <BisWeighted>0</BisWeighted>
      <QtyInPackage>1</QtyInPackage>
      <ItemPrice>21.90</ItemPrice>
      <UnitOfMeasurePrice>4.38</UnitOfMeasurePrice>
      <AllowDiscount>1</AllowDiscount>
      <itemStatus>1</itemStatus>
      <LastUpdateDate />
      <LastUpdateTime />
    </Product>
    <Product>
      <PriceUpdateDate>2017/01/09 10:42</PriceUpdateDate>
      <ItemCode>4015600763022</ItemCode>
      <ItemType>1</ItemType>
      <ItemName>הד שולדרס שמפו מגע משי  500מ"ל</ItemName>
      <ManufactureName>דיפלומט מפיצים 1968 בעמ</ManufactureName>
      <ManufactureCountry />
      <ManufactureItemDescription />
      <UnitQty>י"ח</UnitQty>
      <Quantity>500</Quantity>
      <UnitMeasure>ל  מ"ל</UnitMeasure>
      <BisWeighted>0</BisWeighted>
      <QtyInPackage>1</QtyInPackage>
      <ItemPrice>21.90</ItemPrice>
      <UnitOfMeasurePrice>4.38</UnitOfMeasurePrice>
      <AllowDiscount>1</AllowDiscount>
      <itemStatus>1</itemStatus>
      <LastUpdateDate />
      <LastUpdateTime />
    </Product>
    <Product>
      <PriceUpdateDate>2017/01/09 10:42</PriceUpdateDate>
      <ItemCode>4015600766900</ItemCode>
      <ItemType>1</ItemType>
      <ItemName>הד שולדרס שמפו 2ב1 מנטול 500מ"ל</ItemName>
      <ManufactureName>דיפלומט מפיצים 1968 בעמ</ManufactureName>
      <ManufactureCountry />
      <ManufactureItemDescription />
      <UnitQty>י"ח</UnitQty>
      <Quantity>500</Quantity>
      <UnitMeasure>ל  מ"ל</UnitMeasure>
      <BisWeighted>0</BisWeighted>
      <QtyInPackage>1</QtyInPackage>
      <ItemPrice>21.90</ItemPrice>
      <UnitOfMeasurePrice>4.38</UnitOfMeasurePrice>
      <AllowDiscount>1</AllowDiscount>
      <itemStatus>1</itemStatus>
      <LastUpdateDate />
      <LastUpdateTime />
    </Product>
    <Product>
      <PriceUpdateDate>2017/01/09 10:42</PriceUpdateDate>
      <ItemCode>4015600768911</ItemCode>
      <ItemType>1</ItemType>
      <ItemName>הד שולדרס שמפו עשיר בלחות 500מ"ל</ItemName>
      <ManufactureName>דיפלומט מפיצים 1968 בעמ</ManufactureName>
      <ManufactureCountry />
      <ManufactureItemDescription />
      <UnitQty>י"ח</UnitQty>
      <Quantity>500</Quantity>
      <UnitMeasure>ל  מ"ל</UnitMeasure>
      <BisWeighted>0</BisWeighted>
      <QtyInPackage>1</QtyInPackage>
      <ItemPrice>21.90</ItemPrice>
      <UnitOfMeasurePrice>4.38</UnitOfMeasurePrice>
      <AllowDiscount>1</AllowDiscount>
      <itemStatus>1</itemStatus>
      <LastUpdateDate />
      <LastUpdateTime />
    </Product>
    <Product>
      <PriceUpdateDate>2020/04/30 10:50</PriceUpdateDate>
      <ItemCode>4015600807436</ItemCode>
      <ItemType>1</ItemType>
      <ItemName>דאו ג`ל 75מ"ל CW-PB.</ItemName>
      <ManufactureName>דיפלומט מפיצים 1968 בעמ</ManufactureName>
      <ManufactureCountry />
      <ManufactureItemDescription />
      <UnitQty>י"ח</UnitQty>
      <Quantity>1</Quantity>
      <UnitMeasure />
      <BisWeighted>0</BisWeighted>
      <QtyInPackage>1</QtyInPackage>
      <ItemPrice>24.90</ItemPrice>
      <UnitOfMeasurePrice>24.90</UnitOfMeasurePrice>
      <AllowDiscount>0</AllowDiscount>
      <itemStatus>1</itemStatus>
      <LastUpdateDate />
      <LastUpdateTime />
    </Product>
    <Product>
      <PriceUpdateDate>2020/04/30 10:50</PriceUpdateDate>
      <ItemCode>4015600807573</ItemCode>
      <ItemType>1</ItemType>
      <ItemName>דאו ג`ל 75מ"ל PR-PB.</ItemName>
      <ManufactureName>דיפלומט מפיצים 1968 בעמ</ManufactureName>
      <ManufactureCountry />
      <ManufactureItemDescription />
      <UnitQty>י"ח</UnitQty>
      <Quantity>1</Quantity>
      <UnitMeasure />
      <BisWeighted>0</BisWeighted>
      <QtyInPackage>1</QtyInPackage>
      <ItemPrice>24.90</ItemPrice>
      <UnitOfMeasurePrice>24.90</UnitOfMeasurePrice>
      <AllowDiscount>0</AllowDiscount>
      <itemStatus>1</itemStatus>
      <LastUpdateDate />
      <LastUpdateTime />
    </Product>
    <Product>
      <PriceUpdateDate>2015/04/28 15:10</PriceUpdateDate>
      <ItemCode>4017100364112</ItemCode>
      <ItemType>1</ItemType>
      <ItemName>היט באלזן קקאו 220 גר</ItemName>
      <ManufactureName>ליימן שליסל</ManufactureName>
      <ManufactureCountry />
      <ManufactureItemDescription />
      <UnitQty>י"ח</UnitQty>
      <Quantity>220</Quantity>
      <UnitMeasure>ל  גרם</UnitMeasure>
      <BisWeighted>0</BisWeighted>
      <QtyInPackage>1</QtyInPackage>
      <ItemPrice>7.90</ItemPrice>
      <UnitOfMeasurePrice>3.59</UnitOfMeasurePrice>
      <AllowDiscount>1</AllowDiscount>
      <itemStatus>1</itemStatus>
      <LastUpdateDate />
      <LastUpdateTime />
    </Product>
    <Product>
      <PriceUpdateDate>2019/01/13 09:02</PriceUpdateDate>
      <ItemCode>4022025001905</ItemCode>
      <ItemType>1</ItemType>
      <ItemName>יין בלו ווין מבעבע זהב כשר 750מ"ל</ItemName>
      <ManufactureName>היכל היין שקד גולן בעמ</ManufactureName>
      <ManufactureCountry />
      <ManufactureItemDescription />
      <UnitQty>י"ח</UnitQty>
      <Quantity>750</Quantity>
      <UnitMeasure>ל  מ"ל</UnitMeasure>
      <BisWeighted>0</BisWeighted>
      <QtyInPackage>1</QtyInPackage>
      <ItemPrice>59.90</ItemPrice>
      <UnitOfMeasurePrice>7.95</UnitOfMeasurePrice>
      <AllowDiscount>1</AllowDiscount>
      <itemStatus>1</itemStatus>
      <LastUpdateDate />
      <LastUpdateTime />
    </Product>
    <Product>
      <PriceUpdateDate>2015/12/01 10:53</PriceUpdateDate>
      <ItemCode>4025700001023</ItemCode>
      <ItemType>1</ItemType>
      <ItemName>מילקה אגוזי 100 ג</ItemName>
      <ManufactureName>דיפלומט בעמ</ManufactureName>
      <ManufactureCountry />
      <ManufactureItemDescription />
      <UnitQty>י"ח</UnitQty>
      <Quantity>100</Quantity>
      <UnitMeasure>ל  גרם</UnitMeasure>
      <BisWeighted>0</BisWeighted>
      <QtyInPackage>1</QtyInPackage>
      <ItemPrice>5.90</ItemPrice>
      <UnitOfMeasurePrice>5.90</UnitOfMeasurePrice>
      <AllowDiscount>1</AllowDiscount>
      <itemStatus>1</itemStatus>
      <LastUpdateDate />
      <LastUpdateTime />
    </Product>
    <Product>
      <PriceUpdateDate>2020/04/27 08:18</PriceUpdateDate>
      <ItemCode>4025700001962</ItemCode>
      <ItemType>1</ItemType>
      <ItemName>שוקולד מילקה לבן 100ג</ItemName>
      <ManufactureName>דיפלומט בעמ</ManufactureName>
      <ManufactureCountry />
      <ManufactureItemDescription />
      <UnitQty>י"ח</UnitQty>
      <Quantity>100</Quantity>
      <UnitMeasure>ל  גרם</UnitMeasure>
      <BisWeighted>0</BisWeighted>
      <QtyInPackage>1</QtyInPackage>
      <ItemPrice>7.90</ItemPrice>
      <UnitOfMeasurePrice>7.90</UnitOfMeasurePrice>
      <AllowDiscount>0</AllowDiscount>
      <itemStatus>1</itemStatus>
      <LastUpdateDate />
      <LastUpdateTime />
    </Product>
    <Product>
      <PriceUpdateDate>2015/12/04 13:16</PriceUpdateDate>
      <ItemCode>4033100013348</ItemCode>
      <ItemType>1</ItemType>
      <ItemName>אל די לייט ארוך</ItemName>
      <ManufactureName>גלוברנדס בעמ</ManufactureName>
      <ManufactureCountry />
      <ManufactureItemDescription />
      <UnitQty>י"ח</UnitQty>
      <Quantity>1</Quantity>
      <UnitMeasure />
      <BisWeighted>0</BisWeighted>
      <QtyInPackage>1</QtyInPackage>
      <ItemPrice>25.90</ItemPrice>
      <UnitOfMeasurePrice>25.90</UnitOfMeasurePrice>
      <AllowDiscount>0</AllowDiscount>
      <itemStatus>1</itemStatus>
      <LastUpdateDate />
      <LastUpdateTime />
    </Product>
    <Product>
      <PriceUpdateDate>2015/12/04 13:16</PriceUpdateDate>
      <ItemCode>4033100014468</ItemCode>
      <ItemType>1</ItemType>
      <ItemName>אל די בודד אדום</ItemName>
      <ManufactureName>גלוברנדס בעמ</ManufactureName>
      <ManufactureCountry />
      <ManufactureItemDescription />
      <UnitQty>י"ח</UnitQty>
      <Quantity>1</Quantity>
      <UnitMeasure />
      <BisWeighted>0</BisWeighted>
      <QtyInPackage>1</QtyInPackage>
      <ItemPrice>25.90</ItemPrice>
      <UnitOfMeasurePrice>25.90</UnitOfMeasurePrice>
      <AllowDiscount>0</AllowDiscount>
      <itemStatus>1</itemStatus>
      <LastUpdateDate />
      <LastUpdateTime />
    </Product>
    <Product>
      <PriceUpdateDate>2015/12/04 13:16</PriceUpdateDate>
      <ItemCode>4033100014499</ItemCode>
      <ItemType>1</ItemType>
      <ItemName>אל די כחול בודד</ItemName>
      <ManufactureName>גלוברנדס בעמ</ManufactureName>
      <ManufactureCountry />
      <ManufactureItemDescription />
      <UnitQty>י"ח</UnitQty>
      <Quantity>1</Quantity>
      <UnitMeasure />
      <BisWeighted>0</BisWeighted>
      <QtyInPackage>1</QtyInPackage>
      <ItemPrice>25.90</ItemPrice>
      <UnitOfMeasurePrice>25.90</UnitOfMeasurePrice>
      <AllowDiscount>0</AllowDiscount>
      <itemStatus>1</itemStatus>
      <LastUpdateDate />
      <LastUpdateTime />
    </Product>
    <Product>
      <PriceUpdateDate>2016/05/09 11:38</PriceUpdateDate>
      <ItemCode>4033100024146</ItemCode>
      <ItemType>1</ItemType>
      <ItemName>וינסטון קוד</ItemName>
      <ManufactureName>גלוברנדס בעמ</ManufactureName>
      <ManufactureCountry />
      <ManufactureItemDescription />
      <UnitQty>י"ח</UnitQty>
      <Quantity>1</Quantity>
      <UnitMeasure />
      <BisWeighted>0</BisWeighted>
      <QtyInPackage>1</QtyInPackage>
      <ItemPrice>31.50</ItemPrice>
      <UnitOfMeasurePrice>31.50</UnitOfMeasurePrice>
      <AllowDiscount>0</AllowDiscount>
      <itemStatus>1</itemStatus>
      <LastUpdateDate />
      <LastUpdateTime />
    </Product>
    <Product>
      <PriceUpdateDate>2016/05/09 11:38</PriceUpdateDate>
      <ItemCode>4033100024252</ItemCode>
      <ItemType>1</ItemType>
      <ItemName>וינסטון אקווה</ItemName>
      <ManufactureName>גלוברנדס בעמ</ManufactureName>
      <ManufactureCountry />
      <ManufactureItemDescription />
      <UnitQty>י"ח</UnitQty>
      <Quantity>1</Quantity>
      <UnitMeasure />
      <BisWeighted>0</BisWeighted>
      <QtyInPackage>1</QtyInPackage>
      <ItemPrice>31.50</ItemPrice>
      <UnitOfMeasurePrice>31.50</UnitOfMeasurePrice>
      <AllowDiscount>0</AllowDiscount>
      <itemStatus>1</itemStatus>
      <LastUpdateDate />
      <LastUpdateTime />
    </Product>
    <Product>
      <PriceUpdateDate>2016/05/09 11:38</PriceUpdateDate>
      <ItemCode>4033100046490</ItemCode>
      <ItemType>1</ItemType>
      <ItemName>וינסטון קוד בודד</ItemName>
      <ManufactureName>גלוברנדס בעמ</ManufactureName>
      <ManufactureCountry />
      <ManufactureItemDescription />
      <UnitQty>י"ח</UnitQty>
      <Quantity>1</Quantity>
      <UnitMeasure />
      <BisWeighted>0</BisWeighted>
      <QtyInPackage>1</QtyInPackage>
      <ItemPrice>31.50</ItemPrice>
      <UnitOfMeasurePrice>31.50</UnitOfMeasurePrice>
      <AllowDiscount>0</AllowDiscount>
      <itemStatus>1</itemStatus>
      <LastUpdateDate />
      <LastUpdateTime />
    </Product>
    <Product>
      <PriceUpdateDate>2016/01/04 19:12</PriceUpdateDate>
      <ItemCode>4052197000925</ItemCode>
      <ItemType>1</ItemType>
      <ItemName>בירה בנדקטינר כהה דונקל 0.5ל</ItemName>
      <ManufactureName>א.ג.ת.ד. שיווק והפצה</ManufactureName>
      <ManufactureCountry />
      <ManufactureItemDescription />
      <UnitQty>י"ח</UnitQty>
      <Quantity>500</Quantity>
      <UnitMeasure>ל  מ"ל</UnitMeasure>
      <BisWeighted>0</BisWeighted>
      <QtyInPackage>1</QtyInPackage>
      <ItemPrice>10.90</ItemPrice>
      <UnitOfMeasurePrice>2.12</UnitOfMeasurePrice>
      <AllowDiscount>1</AllowDiscount>
      <itemStatus>1</itemStatus>
      <LastUpdateDate />
      <LastUpdateTime />
    </Product>
    <Product>
      <PriceUpdateDate>2017/05/11 13:04</PriceUpdateDate>
      <ItemCode>4066600999614</ItemCode>
      <ItemType>1</ItemType>
      <ItemName>פאולנר בקבוק 500 מ"ל</ItemName>
      <ManufactureName>טמפו משקאות בעמ</ManufactureName>
      <ManufactureCountry />
      <ManufactureItemDescription />
      <UnitQty>י"ח</UnitQty>
      <Quantity>500</Quantity>
      <UnitMeasure>ל  מ"ל</UnitMeasure>
      <BisWeighted>0</BisWeighted>
      <QtyInPackage>1</QtyInPackage>
      <ItemPrice>11</ItemPrice>
      <UnitOfMeasurePrice>2.14</UnitOfMeasurePrice>
      <AllowDiscount>1</AllowDiscount>
      <itemStatus>1</itemStatus>
      <LastUpdateDate />
      <LastUpdateTime />
    </Product>
    <Product>
      <PriceUpdateDate>2019/01/29 12:27</PriceUpdateDate>
      <ItemCode>4084500088917</ItemCode>
      <ItemType>1</ItemType>
      <ItemName>~פיירי לימון 650מ"ל</ItemName>
      <ManufactureName>דיפלומט מפיצים 1968 בעמ</ManufactureName>
      <ManufactureCountry />
      <ManufactureItemDescription />
      <UnitQty>י"ח</UnitQty>
      <Quantity>650</Quantity>
      <UnitMeasure>ל  מ"ל</UnitMeasure>
      <BisWeighted>0</BisWeighted>
      <QtyInPackage>1</QtyInPackage>
      <ItemPrice>9.90</ItemPrice>
      <UnitOfMeasurePrice>1.52</UnitOfMeasurePrice>
      <AllowDiscount>0</AllowDiscount>
      <itemStatus>1</itemStatus>
      <LastUpdateDate />
      <LastUpdateTime />
    </Product>
    <Product>
      <PriceUpdateDate>2019/01/29 12:27</PriceUpdateDate>
      <ItemCode>4084500853553</ItemCode>
      <ItemType>1</ItemType>
      <ItemName>פיירי אוריגינל 650מ"ל</ItemName>
      <ManufactureName>דיפלומט מפיצים 1968 בעמ</ManufactureName>
      <ManufactureCountry />
      <ManufactureItemDescription />
      <UnitQty>י"ח</UnitQty>
      <Quantity>1.24</Quantity>
      <UnitMeasure>ליטר</UnitMeasure>
      <BisWeighted>0</BisWeighted>
      <QtyInPackage>1</QtyInPackage>
      <ItemPrice>9.90</ItemPrice>
      <UnitOfMeasurePrice>7.98</UnitOfMeasurePrice>
      <AllowDiscount>0</AllowDiscount>
      <itemStatus>1</itemStatus>
      <LastUpdateDate />
      <LastUpdateTime />
    </Product>
    <Product>
      <PriceUpdateDate>2015/12/31 14:13</PriceUpdateDate>
      <ItemCode>4084500853836</ItemCode>
      <ItemType>1</ItemType>
      <ItemName>פיירי ורדים ומשי 515מ"ל</ItemName>
      <ManufactureName>דיפלומט מפיצים 1968 בעמ</ManufactureName>
      <ManufactureCountry />
      <ManufactureItemDescription />
      <UnitQty>י"ח</UnitQty>
      <Quantity>1.24</Quantity>
      <UnitMeasure>ליטר</UnitMeasure>
      <BisWeighted>0</BisWeighted>
      <QtyInPackage>1</QtyInPackage>
      <ItemPrice>9.90</ItemPrice>
      <UnitOfMeasurePrice>7.98</UnitOfMeasurePrice>
      <AllowDiscount>0</AllowDiscount>
      <itemStatus>1</itemStatus>
      <LastUpdateDate />
      <LastUpdateTime />
    </Product>
    <Product>
      <PriceUpdateDate>2017/01/02 13:03</PriceUpdateDate>
      <ItemCode>4084500920880</ItemCode>
      <ItemType>1</ItemType>
      <ItemName>פיירי אוריגינל 1.24ליטר</ItemName>
      <ManufactureName>דיפלומט מפיצים 1968 בעמ</ManufactureName>
      <ManufactureCountry />
      <ManufactureItemDescription />
      <UnitQty>י"ח</UnitQty>
      <Quantity>1.24</Quantity>
      <UnitMeasure>ליטר</UnitMeasure>
      <BisWeighted>0</BisWeighted>
      <QtyInPackage>1</QtyInPackage>
      <ItemPrice>15.90</ItemPrice>
      <UnitOfMeasurePrice>12.82</UnitOfMeasurePrice>
      <AllowDiscount>1</AllowDiscount>
      <itemStatus>1</itemStatus>
      <LastUpdateDate />
      <LastUpdateTime />
    </Product>
    <Product>
      <PriceUpdateDate>2017/08/22 12:21</PriceUpdateDate>
      <ItemCode>4105120623941</ItemCode>
      <ItemType>1</ItemType>
      <ItemName>בירה ויינשטפן בקבוק 500מ"ל</ItemName>
      <ManufactureName>חברה המרכזית להפצת משקאות בעמ</ManufactureName>
      <ManufactureCountry />
      <ManufactureItemDescription />
      <UnitQty>י"ח</UnitQty>
      <Quantity>500</Quantity>
      <UnitMeasure>ל  מ"ל</UnitMeasure>
      <BisWeighted>0</BisWeighted>
      <QtyInPackage>1</QtyInPackage>
      <ItemPrice>11.90</ItemPrice>
      <UnitOfMeasurePrice>2.32</UnitOfMeasurePrice>
      <AllowDiscount>0</AllowDiscount>
      <itemStatus>1</itemStatus>
      <LastUpdateDate />
      <LastUpdateTime />
    </Product>
    <Product>
      <PriceUpdateDate>2019/05/22 12:39</PriceUpdateDate>
      <ItemCode>4105120624412</ItemCode>
      <ItemType>1</ItemType>
      <ItemName>ויינשטפן  ויטוס  500מ"ל בקבוק</ItemName>
      <ManufactureName>חברה המרכזית להפצת משקאות בעמ</ManufactureName>
      <ManufactureCountry />
      <ManufactureItemDescription />
      <UnitQty>י"ח</UnitQty>
      <Quantity>330</Quantity>
      <UnitMeasure>ל  מ"ל</UnitMeasure>
      <BisWeighted>0</BisWeighted>
      <QtyInPackage>1</QtyInPackage>
      <ItemPrice>12.50</ItemPrice>
      <UnitOfMeasurePrice>3.70</UnitOfMeasurePrice>
      <AllowDiscount>1</AllowDiscount>
      <itemStatus>1</itemStatus>
      <LastUpdateDate />
      <LastUpdateTime />
    </Product>
    <Product>
      <PriceUpdateDate>2016/05/11 10:51</PriceUpdateDate>
      <ItemCode>4607109409619</ItemCode>
      <ItemType>1</ItemType>
      <ItemName>פיניש 25 טבליות AIO</ItemName>
      <ManufactureName>רקיט בנקיזר (ניר איסט) בעמ</ManufactureName>
      <ManufactureCountry />
      <ManufactureItemDescription />
      <UnitQty>י"ח</UnitQty>
      <Quantity>25</Quantity>
      <UnitMeasure>י"ח</UnitMeasure>
      <BisWeighted>0</BisWeighted>
      <QtyInPackage>1</QtyInPackage>
      <ItemPrice>29.90</ItemPrice>
      <UnitOfMeasurePrice>1.20</UnitOfMeasurePrice>
      <AllowDiscount>1</AllowDiscount>
      <itemStatus>1</itemStatus>
      <LastUpdateDate />
      <LastUpdateTime />
    </Product>
    <Product>
      <PriceUpdateDate>2018/01/18 14:51</PriceUpdateDate>
      <ItemCode>4640018990335</ItemCode>
      <ItemType>1</ItemType>
      <ItemName>פיניש קוונטום רגיל 54 טבליות</ItemName>
      <ManufactureName>רקיט בנקיזר (ניר איסט) בעמ</ManufactureName>
      <ManufactureCountry />
      <ManufactureItemDescription />
      <UnitQty>י"ח</UnitQty>
      <Quantity>54</Quantity>
      <UnitMeasure>י"ח</UnitMeasure>
      <BisWeighted>0</BisWeighted>
      <QtyInPackage>1</QtyInPackage>
      <ItemPrice>54.90</ItemPrice>
      <UnitOfMeasurePrice>1.02</UnitOfMeasurePrice>
      <AllowDiscount>1</AllowDiscount>
      <itemStatus>1</itemStatus>
      <LastUpdateDate />
      <LastUpdateTime />
    </Product>
    <Product>
      <PriceUpdateDate>2018/11/26 09:08</PriceUpdateDate>
      <ItemCode>4680005884261</ItemCode>
      <ItemType>1</ItemType>
      <ItemName>שמן קנולה  1 ליטר בד"ץ</ItemName>
      <ManufactureName>ישרא-בר שמנים ותבואות בעמ</ManufactureName>
      <ManufactureCountry />
      <ManufactureItemDescription />
      <UnitQty>י"ח</UnitQty>
      <Quantity>1</Quantity>
      <UnitMeasure>ליטר</UnitMeasure>
      <BisWeighted>0</BisWeighted>
      <QtyInPackage>1</QtyInPackage>
      <ItemPrice>7.90</ItemPrice>
      <UnitOfMeasurePrice>7.90</UnitOfMeasurePrice>
      <AllowDiscount>1</AllowDiscount>
      <itemStatus>1</itemStatus>
      <LastUpdateDate />
      <LastUpdateTime />
    </Product>
    <Product>
      <PriceUpdateDate>2018/12/11 15:01</PriceUpdateDate>
      <ItemCode>4710068001692</ItemCode>
      <ItemType>1</ItemType>
      <ItemName>מאסטר קפה לאטה 240מל פחית</ItemName>
      <ManufactureName>טמפו משקאות בעמ</ManufactureName>
      <ManufactureCountry />
      <ManufactureItemDescription />
      <UnitQty>י"ח</UnitQty>
      <Quantity>240</Quantity>
      <UnitMeasure>ל  מ"ל</UnitMeasure>
      <BisWeighted>0</BisWeighted>
      <QtyInPackage>1</QtyInPackage>
      <ItemPrice>6.60</ItemPrice>
      <UnitOfMeasurePrice>2.63</UnitOfMeasurePrice>
      <AllowDiscount>0</AllowDiscount>
      <itemStatus>1</itemStatus>
      <LastUpdateDate />
      <LastUpdateTime />
    </Product>
    <Product>
      <PriceUpdateDate>2019/04/04 11:17</PriceUpdateDate>
      <ItemCode>4710964170799</ItemCode>
      <ItemType>1</ItemType>
      <ItemName>שומשום שחור קלוי 91 גרם</ItemName>
      <ManufactureName>מזרח ומערב יבוא ושיווק</ManufactureName>
      <ManufactureCountry />
      <ManufactureItemDescription />
      <UnitQty>י"ח</UnitQty>
      <Quantity>91</Quantity>
      <UnitMeasure>ל  גרם</UnitMeasure>
      <BisWeighted>0</BisWeighted>
      <QtyInPackage>1</QtyInPackage>
      <ItemPrice>12.90</ItemPrice>
      <UnitOfMeasurePrice>14.18</UnitOfMeasurePrice>
      <AllowDiscount>0</AllowDiscount>
      <itemStatus>1</itemStatus>
      <LastUpdateDate />
      <LastUpdateTime />
    </Product>
    <Product>
      <PriceUpdateDate>2017/12/03 09:35</PriceUpdateDate>
      <ItemCode>4750021000133</ItemCode>
      <ItemType>1</ItemType>
      <ItemName>וודקה סטולי 500מ"ל</ItemName>
      <ManufactureName>הכרם משקאות חריפים בעמ</ManufactureName>
      <ManufactureCountry />
      <ManufactureItemDescription />
      <UnitQty>י"ח</UnitQty>
      <Quantity>500</Quantity>
      <UnitMeasure>ל  מ"ל</UnitMeasure>
      <BisWeighted>0</BisWeighted>
      <QtyInPackage>1</QtyInPackage>
      <ItemPrice>51.20</ItemPrice>
      <UnitOfMeasurePrice>10.18</UnitOfMeasurePrice>
      <AllowDiscount>1</AllowDiscount>
      <itemStatus>1</itemStatus>
      <LastUpdateDate />
      <LastUpdateTime />
    </Product>
    <Product>
      <PriceUpdateDate>2020/01/29 12:18</PriceUpdateDate>
      <ItemCode>4800888150080</ItemCode>
      <ItemType>1</ItemType>
      <ItemName>דאב דאו רול און</ItemName>
      <ManufactureName>יוניליוור ישראל שיווק בעמ</ManufactureName>
      <ManufactureCountry />
      <ManufactureItemDescription />
      <UnitQty>י"ח</UnitQty>
      <Quantity>1</Quantity>
      <UnitMeasure />
      <BisWeighted>0</BisWeighted>
      <QtyInPackage>1</QtyInPackage>
      <ItemPrice>16.90</ItemPrice>
      <UnitOfMeasurePrice>16.90</UnitOfMeasurePrice>
      <AllowDiscount>0</AllowDiscount>
      <itemStatus>1</itemStatus>
      <LastUpdateDate />
      <LastUpdateTime />
    </Product>
    <Product>
      <PriceUpdateDate>2020/01/29 12:18</PriceUpdateDate>
      <ItemCode>4800888150103</ItemCode>
      <ItemType>1</ItemType>
      <ItemName>דאב דאו רול און.</ItemName>
      <ManufactureName>יוניליוור ישראל שיווק בעמ</ManufactureName>
      <ManufactureCountry />
      <ManufactureItemDescription />
      <UnitQty>י"ח</UnitQty>
      <Quantity>1</Quantity>
      <UnitMeasure />
      <BisWeighted>0</BisWeighted>
      <QtyInPackage>1</QtyInPackage>
      <ItemPrice>16.90</ItemPrice>
      <UnitOfMeasurePrice>16.90</UnitOfMeasurePrice>
      <AllowDiscount>0</AllowDiscount>
      <itemStatus>1</itemStatus>
      <LastUpdateDate />
      <LastUpdateTime />
    </Product>
    <Product>
      <PriceUpdateDate>2018/02/02 10:18</PriceUpdateDate>
      <ItemCode>4820163121420</ItemCode>
      <ItemType>1</ItemType>
      <ItemName>וודקה חורטיצה 0.5ליטר פלטינום</ItemName>
      <ManufactureName>א.ג.ת.ד. שיווק והפצה</ManufactureName>
      <ManufactureCountry />
      <ManufactureItemDescription />
      <UnitQty>י"ח</UnitQty>
      <Quantity>50</Quantity>
      <UnitMeasure>ל  מ"ל</UnitMeasure>
      <BisWeighted>0</BisWeighted>
      <QtyInPackage>1</QtyInPackage>
      <ItemPrice>49.90</ItemPrice>
      <UnitOfMeasurePrice>99.20</UnitOfMeasurePrice>
      <AllowDiscount>0</AllowDiscount>
      <itemStatus>1</itemStatus>
      <LastUpdateDate />
      <LastUpdateTime />
    </Product>
    <Product>
      <PriceUpdateDate>2019/04/15 15:29</PriceUpdateDate>
      <ItemCode>4891199178474</ItemCode>
      <ItemType>1</ItemType>
      <ItemName>סוללות סופר אלקליין (שמינייה)AA C8</ItemName>
      <ManufactureName>סמיקום לקסיס בעמ</ManufactureName>
      <ManufactureCountry />
      <ManufactureItemDescription />
      <UnitQty>י"ח</UnitQty>
      <Quantity>1</Quantity>
      <UnitMeasure />
      <BisWeighted>0</BisWeighted>
      <QtyInPackage>1</QtyInPackage>
      <ItemPrice>13.90</ItemPrice>
      <UnitOfMeasurePrice>13.90</UnitOfMeasurePrice>
      <AllowDiscount>1</AllowDiscount>
      <itemStatus>1</itemStatus>
      <LastUpdateDate />
      <LastUpdateTime />
    </Product>
    <Product>
      <PriceUpdateDate>2019/04/15 15:29</PriceUpdateDate>
      <ItemCode>4891199178504</ItemCode>
      <ItemType>1</ItemType>
      <ItemName>סוללות סופר אלקליין(שמינייה) AAA C8</ItemName>
      <ManufactureName>סמיקום לקסיס בעמ</ManufactureName>
      <ManufactureCountry />
      <ManufactureItemDescription />
      <UnitQty>י"ח</UnitQty>
      <Quantity>1</Quantity>
      <UnitMeasure />
      <BisWeighted>0</BisWeighted>
      <QtyInPackage>1</QtyInPackage>
      <ItemPrice>13.90</ItemPrice>
      <UnitOfMeasurePrice>13.90</UnitOfMeasurePrice>
      <AllowDiscount>1</AllowDiscount>
      <itemStatus>1</itemStatus>
      <LastUpdateDate />
      <LastUpdateTime />
    </Product>
    <Product>
      <PriceUpdateDate>2019/07/21 10:16</PriceUpdateDate>
      <ItemCode>4891228430061</ItemCode>
      <ItemType>1</ItemType>
      <ItemName>אקסטרא 2  10 יח  אדום שיק</ItemName>
      <ManufactureName>ש.שסטוביץ בעמ</ManufactureName>
      <ManufactureCountry />
      <ManufactureItemDescription />
      <UnitQty>י"ח</UnitQty>
      <Quantity>1</Quantity>
      <UnitMeasure />
      <BisWeighted>0</BisWeighted>
      <QtyInPackage>1</QtyInPackage>
      <ItemPrice>29.90</ItemPrice>
      <UnitOfMeasurePrice>29.90</UnitOfMeasurePrice>
      <AllowDiscount>0</AllowDiscount>
      <itemStatus>1</itemStatus>
      <LastUpdateDate />
      <LastUpdateTime />
    </Product>
    <Product>
      <PriceUpdateDate>2016/08/23 15:53</PriceUpdateDate>
      <ItemCode>4891228430092</ItemCode>
      <ItemType>1</ItemType>
      <ItemName>אקסטרים 3 לאישה</ItemName>
      <ManufactureName>ש.שסטוביץ בעמ</ManufactureName>
      <ManufactureCountry />
      <ManufactureItemDescription />
      <UnitQty>י"ח</UnitQty>
      <Quantity>1</Quantity>
      <UnitMeasure />
      <BisWeighted>0</BisWeighted>
      <QtyInPackage>1</QtyInPackage>
      <ItemPrice>20.90</ItemPrice>
      <UnitOfMeasurePrice>20.90</UnitOfMeasurePrice>
      <AllowDiscount>0</AllowDiscount>
      <itemStatus>1</itemStatus>
      <LastUpdateDate />
      <LastUpdateTime />
    </Product>
    <Product>
      <PriceUpdateDate>2019/02/17 18:31</PriceUpdateDate>
      <ItemCode>4895149077572</ItemCode>
      <ItemType>1</ItemType>
      <ItemName>נורת לד  60W מקבילה אור לבן</ItemName>
      <ManufactureName>פוגיקום בעמ</ManufactureName>
      <ManufactureCountry />
      <ManufactureItemDescription />
      <UnitQty>י"ח</UnitQty>
      <Quantity>1</Quantity>
      <UnitMeasure />
      <BisWeighted>0</BisWeighted>
      <QtyInPackage>1</QtyInPackage>
      <ItemPrice>14.90</ItemPrice>
      <UnitOfMeasurePrice>14.90</UnitOfMeasurePrice>
      <AllowDiscount>1</AllowDiscount>
      <itemStatus>1</itemStatus>
      <LastUpdateDate />
      <LastUpdateTime />
    </Product>
    <Product>
      <PriceUpdateDate>2019/02/17 18:31</PriceUpdateDate>
      <ItemCode>4895149077589</ItemCode>
      <ItemType>1</ItemType>
      <ItemName>נורת לד  75W מקבילה אור צהוב</ItemName>
      <ManufactureName>פוגיקום בעמ</ManufactureName>
      <ManufactureCountry />
      <ManufactureItemDescription />
      <UnitQty>י"ח</UnitQty>
      <Quantity>1</Quantity>
      <UnitMeasure />
      <BisWeighted>0</BisWeighted>
      <QtyInPackage>1</QtyInPackage>
      <ItemPrice>19.90</ItemPrice>
      <UnitOfMeasurePrice>19.90</UnitOfMeasurePrice>
      <AllowDiscount>0</AllowDiscount>
      <itemStatus>1</itemStatus>
      <LastUpdateDate />
      <LastUpdateTime />
    </Product>
    <Product>
      <PriceUpdateDate>2019/02/17 18:31</PriceUpdateDate>
      <ItemCode>4895149077619</ItemCode>
      <ItemType>1</ItemType>
      <ItemName>נורת לד  100W מקבילה אור לבן</ItemName>
      <ManufactureName>פוגיקום בעמ</ManufactureName>
      <ManufactureCountry />
      <ManufactureItemDescription />
      <UnitQty>י"ח</UnitQty>
      <Quantity>1</Quantity>
      <UnitMeasure />
      <BisWeighted>0</BisWeighted>
      <QtyInPackage>1</QtyInPackage>
      <ItemPrice>24.90</ItemPrice>
      <UnitOfMeasurePrice>24.90</UnitOfMeasurePrice>
      <AllowDiscount>0</AllowDiscount>
      <itemStatus>1</itemStatus>
      <LastUpdateDate />
      <LastUpdateTime />
    </Product>
    <Product>
      <PriceUpdateDate>2020/02/06 10:27</PriceUpdateDate>
      <ItemCode>4897021690930</ItemCode>
      <ItemType>1</ItemType>
      <ItemName>פלסטר 40 יח`</ItemName>
      <ManufactureName>הו רפואה</ManufactureName>
      <ManufactureCountry />
      <ManufactureItemDescription />
      <UnitQty>י"ח</UnitQty>
      <Quantity>1</Quantity>
      <UnitMeasure />
      <BisWeighted>0</BisWeighted>
      <QtyInPackage>1</QtyInPackage>
      <ItemPrice>9.90</ItemPrice>
      <UnitOfMeasurePrice>9.90</UnitOfMeasurePrice>
      <AllowDiscount>0</AllowDiscount>
      <itemStatus>1</itemStatus>
      <LastUpdateDate />
      <LastUpdateTime />
    </Product>
    <Product>
      <PriceUpdateDate>2020/02/06 10:27</PriceUpdateDate>
      <ItemCode>4897021690947</ItemCode>
      <ItemType>1</ItemType>
      <ItemName>פלסטר מיקס</ItemName>
      <ManufactureName>הו רפואה</ManufactureName>
      <ManufactureCountry />
      <ManufactureItemDescription />
      <UnitQty>י"ח</UnitQty>
      <Quantity>1</Quantity>
      <UnitMeasure />
      <BisWeighted>0</BisWeighted>
      <QtyInPackage>1</QtyInPackage>
      <ItemPrice>15.90</ItemPrice>
      <UnitOfMeasurePrice>15.90</UnitOfMeasurePrice>
      <AllowDiscount>0</AllowDiscount>
      <itemStatus>1</itemStatus>
      <LastUpdateDate />
      <LastUpdateTime />
    </Product>
    <Product>
      <PriceUpdateDate>2018/07/04 14:22</PriceUpdateDate>
      <ItemCode>4903001904192</ItemCode>
      <ItemType>1</ItemType>
      <ItemName>רוטב סויה יאמאסה פרימיום 500מ"ל</ItemName>
      <ManufactureName>ליימן שליסל</ManufactureName>
      <ManufactureCountry />
      <ManufactureItemDescription />
      <UnitQty>י"ח</UnitQty>
      <Quantity>500</Quantity>
      <UnitMeasure>ל  מ"ל</UnitMeasure>
      <BisWeighted>0</BisWeighted>
      <QtyInPackage>1</QtyInPackage>
      <ItemPrice>17.90</ItemPrice>
      <UnitOfMeasurePrice>3.58</UnitOfMeasurePrice>
      <AllowDiscount>0</AllowDiscount>
      <itemStatus>1</itemStatus>
      <LastUpdateDate />
      <LastUpdateTime />
    </Product>
    <Product>
      <PriceUpdateDate>2018/07/04 14:22</PriceUpdateDate>
      <ItemCode>4903001930993</ItemCode>
      <ItemType>1</ItemType>
      <ItemName>רוטב סויה יאמאסה פרימיום 500מ"ל</ItemName>
      <ManufactureName>ליימן שליסל</ManufactureName>
      <ManufactureCountry />
      <ManufactureItemDescription />
      <UnitQty>י"ח</UnitQty>
      <Quantity>500</Quantity>
      <UnitMeasure>ל  מ"ל</UnitMeasure>
      <BisWeighted>0</BisWeighted>
      <QtyInPackage>1</QtyInPackage>
      <ItemPrice>17.90</ItemPrice>
      <UnitOfMeasurePrice>3.58</UnitOfMeasurePrice>
      <AllowDiscount>0</AllowDiscount>
      <itemStatus>1</itemStatus>
      <LastUpdateDate />
      <LastUpdateTime />
    </Product>
    <Product>
      <PriceUpdateDate>2020/04/21 08:59</PriceUpdateDate>
      <ItemCode>5000159407236</ItemCode>
      <ItemType>1</ItemType>
      <ItemName>מרס חטיף שוק 51גר</ItemName>
      <ManufactureName>לפ מרס מולטיסיילס ישראל</ManufactureName>
      <ManufactureCountry />
      <ManufactureItemDescription />
      <UnitQty>י"ח</UnitQty>
      <Quantity>51</Quantity>
      <UnitMeasure>ל  גרם</UnitMeasure>
      <BisWeighted>0</BisWeighted>
      <QtyInPackage>1</QtyInPackage>
      <ItemPrice>4.50</ItemPrice>
      <UnitOfMeasurePrice>8.82</UnitOfMeasurePrice>
      <AllowDiscount>1</AllowDiscount>
      <itemStatus>1</itemStatus>
      <LastUpdateDate />
      <LastUpdateTime />
    </Product>
    <Product>
      <PriceUpdateDate>2017/10/30 15:34</PriceUpdateDate>
      <ItemCode>5000159409179</ItemCode>
      <ItemType>1</ItemType>
      <ItemName>סניקרס מיני 403ג שקית</ItemName>
      <ManufactureName>לפ מרס מולטיסיילס ישראל</ManufactureName>
      <ManufactureCountry />
      <ManufactureItemDescription />
      <UnitQty>י"ח</UnitQty>
      <Quantity>403</Quantity>
      <UnitMeasure>ל  גרם</UnitMeasure>
      <BisWeighted>0</BisWeighted>
      <QtyInPackage>1</QtyInPackage>
      <ItemPrice>22.90</ItemPrice>
      <UnitOfMeasurePrice>5.68</UnitOfMeasurePrice>
      <AllowDiscount>0</AllowDiscount>
      <itemStatus>1</itemStatus>
      <LastUpdateDate />
      <LastUpdateTime />
    </Product>
    <Product>
      <PriceUpdateDate>2017/10/30 15:34</PriceUpdateDate>
      <ItemCode>5000159442572</ItemCode>
      <ItemType>1</ItemType>
      <ItemName>טויקס מיני 403ג שקית</ItemName>
      <ManufactureName>לפ מרס מולטיסיילס ישראל</ManufactureName>
      <ManufactureCountry />
      <ManufactureItemDescription />
      <UnitQty>י"ח</UnitQty>
      <Quantity>403</Quantity>
      <UnitMeasure>ל  גרם</UnitMeasure>
      <BisWeighted>0</BisWeighted>
      <QtyInPackage>1</QtyInPackage>
      <ItemPrice>22.90</ItemPrice>
      <UnitOfMeasurePrice>5.68</UnitOfMeasurePrice>
      <AllowDiscount>0</AllowDiscount>
      <itemStatus>1</itemStatus>
      <LastUpdateDate />
      <LastUpdateTime />
    </Product>
    <Product>
      <PriceUpdateDate>2020/04/21 08:59</PriceUpdateDate>
      <ItemCode>5000159459228</ItemCode>
      <ItemType>1</ItemType>
      <ItemName>טוויקס חטיף 50גר</ItemName>
      <ManufactureName>לפ מרס מולטיסיילס ישראל</ManufactureName>
      <ManufactureCountry />
      <ManufactureItemDescription />
      <UnitQty>י"ח</UnitQty>
      <Quantity>50</Quantity>
      <UnitMeasure>ל  גרם</UnitMeasure>
      <BisWeighted>0</BisWeighted>
      <QtyInPackage>1</QtyInPackage>
      <ItemPrice>4.50</ItemPrice>
      <UnitOfMeasurePrice>9</UnitOfMeasurePrice>
      <AllowDiscount>1</AllowDiscount>
      <itemStatus>1</itemStatus>
      <LastUpdateDate />
      <LastUpdateTime />
    </Product>
    <Product>
      <PriceUpdateDate>2020/04/21 08:59</PriceUpdateDate>
      <ItemCode>5000159461122</ItemCode>
      <ItemType>1</ItemType>
      <ItemName>סניקרס חטיף 50גר</ItemName>
      <ManufactureName>לפ מרס מולטיסיילס ישראל</ManufactureName>
      <ManufactureCountry />
      <ManufactureItemDescription />
      <UnitQty>י"ח</UnitQty>
      <Quantity>51</Quantity>
      <UnitMeasure>ל  גרם</UnitMeasure>
      <BisWeighted>0</BisWeighted>
      <QtyInPackage>1</QtyInPackage>
      <ItemPrice>4.50</ItemPrice>
      <UnitOfMeasurePrice>8.82</UnitOfMeasurePrice>
      <AllowDiscount>1</AllowDiscount>
      <itemStatus>1</itemStatus>
      <LastUpdateDate />
      <LastUpdateTime />
    </Product>
    <Product>
      <PriceUpdateDate>2019/07/17 08:54</PriceUpdateDate>
      <ItemCode>5000159462594</ItemCode>
      <ItemType>1</ItemType>
      <ItemName>טוויקס מארז 4+1</ItemName>
      <ManufactureName>לפ מרס מולטיסיילס ישראל</ManufactureName>
      <ManufactureCountry />
      <ManufactureItemDescription />
      <UnitQty>י"ח</UnitQty>
      <Quantity>180</Quantity>
      <UnitMeasure>ל  גרם</UnitMeasure>
      <BisWeighted>0</BisWeighted>
      <QtyInPackage>1</QtyInPackage>
      <ItemPrice>12.90</ItemPrice>
      <UnitOfMeasurePrice>7.17</UnitOfMeasurePrice>
      <AllowDiscount>0</AllowDiscount>
      <itemStatus>1</itemStatus>
      <LastUpdateDate />
      <LastUpdateTime />
    </Product>
    <Product>
      <PriceUpdateDate>2019/07/17 08:54</PriceUpdateDate>
      <ItemCode>5000159468534</ItemCode>
      <ItemType>1</ItemType>
      <ItemName>סניקרס מארז 4+1</ItemName>
      <ManufactureName>לפ מרס מולטיסיילס ישראל</ManufactureName>
      <ManufactureCountry />
      <ManufactureItemDescription />
      <UnitQty>י"ח</UnitQty>
      <Quantity>180</Quantity>
      <UnitMeasure>ל  גרם</UnitMeasure>
      <BisWeighted>0</BisWeighted>
      <QtyInPackage>1</QtyInPackage>
      <ItemPrice>12.90</ItemPrice>
      <UnitOfMeasurePrice>7.17</UnitOfMeasurePrice>
      <AllowDiscount>0</AllowDiscount>
      <itemStatus>1</itemStatus>
      <LastUpdateDate />
      <LastUpdateTime />
    </Product>
    <Product>
      <PriceUpdateDate>2020/04/21 08:59</PriceUpdateDate>
      <ItemCode>5000159486972</ItemCode>
      <ItemType>1</ItemType>
      <ItemName>טויקס חטיף שוקולד וויאט</ItemName>
      <ManufactureName>לפ מרס מולטיסיילס ישראל</ManufactureName>
      <ManufactureCountry />
      <ManufactureItemDescription />
      <UnitQty>י"ח</UnitQty>
      <Quantity>58</Quantity>
      <UnitMeasure>ל  גרם</UnitMeasure>
      <BisWeighted>0</BisWeighted>
      <QtyInPackage>1</QtyInPackage>
      <ItemPrice>4.50</ItemPrice>
      <UnitOfMeasurePrice>7.76</UnitOfMeasurePrice>
      <AllowDiscount>1</AllowDiscount>
      <itemStatus>1</itemStatus>
      <LastUpdateDate />
      <LastUpdateTime />
    </Product>
    <Product>
      <PriceUpdateDate>2019/12/05 08:24</PriceUpdateDate>
      <ItemCode>5000204114928</ItemCode>
      <ItemType>1</ItemType>
      <ItemName>גלייד אורסול בניחוח דובדבן</ItemName>
      <ManufactureName>דנשר (1963) בעמ</ManufactureName>
      <ManufactureCountry />
      <ManufactureItemDescription />
      <UnitQty>י"ח</UnitQty>
      <Quantity>300</Quantity>
      <UnitMeasure>ל  מ"ל</UnitMeasure>
      <BisWeighted>0</BisWeighted>
      <QtyInPackage>1</QtyInPackage>
      <ItemPrice>9.90</ItemPrice>
      <UnitOfMeasurePrice>3.30</UnitOfMeasurePrice>
      <AllowDiscount>1</AllowDiscount>
      <itemStatus>1</itemStatus>
      <LastUpdateDate />
      <LastUpdateTime />
    </Product>
    <Product>
      <PriceUpdateDate>2013/11/18 12:12</PriceUpdateDate>
      <ItemCode>5000204657913</ItemCode>
      <ItemType>1</ItemType>
      <ItemName>קיווי משחת נעליים בקופסא 50גר שחור</ItemName>
      <ManufactureName>דנשר (1963) בעמ</ManufactureName>
      <ManufactureCountry />
      <ManufactureItemDescription />
      <UnitQty>י"ח</UnitQty>
      <Quantity>50</Quantity>
      <UnitMeasure>ל  גרם</UnitMeasure>
      <BisWeighted>0</BisWeighted>
      <QtyInPackage>1</QtyInPackage>
      <ItemPrice>5.80</ItemPrice>
      <UnitOfMeasurePrice>11.60</UnitOfMeasurePrice>
      <AllowDiscount>0</AllowDiscount>
      <itemStatus>1</itemStatus>
      <LastUpdateDate />
      <LastUpdateTime />
    </Product>
    <Product>
      <PriceUpdateDate>2015/01/01 11:47</PriceUpdateDate>
      <ItemCode>5000204690026</ItemCode>
      <ItemType>1</ItemType>
      <ItemName>פלדג`לניקוי רהיטים טבעי 5ב1</ItemName>
      <ManufactureName>דנשר (1963) בעמ</ManufactureName>
      <ManufactureCountry />
      <ManufactureItemDescription />
      <UnitQty>י"ח</UnitQty>
      <Quantity>1</Quantity>
      <UnitMeasure />
      <BisWeighted>0</BisWeighted>
      <QtyInPackage>1</QtyInPackage>
      <ItemPrice>16.90</ItemPrice>
      <UnitOfMeasurePrice>16.90</UnitOfMeasurePrice>
      <AllowDiscount>0</AllowDiscount>
      <itemStatus>1</itemStatus>
      <LastUpdateDate />
      <LastUpdateTime />
    </Product>
    <Product>
      <PriceUpdateDate>2018/05/22 08:44</PriceUpdateDate>
      <ItemCode>5010677433655</ItemCode>
      <ItemType>1</ItemType>
      <ItemName>בקרדי בריזר תות</ItemName>
      <ManufactureName>טמפו משקאות בעמ</ManufactureName>
      <ManufactureCountry />
      <ManufactureItemDescription />
      <UnitQty>י"ח</UnitQty>
      <Quantity>275</Quantity>
      <UnitMeasure>ל  מ"ל</UnitMeasure>
      <BisWeighted>0</BisWeighted>
      <QtyInPackage>1</QtyInPackage>
      <ItemPrice>14.20</ItemPrice>
      <UnitOfMeasurePrice>5.05</UnitOfMeasurePrice>
      <AllowDiscount>1</AllowDiscount>
      <itemStatus>1</itemStatus>
      <LastUpdateDate />
      <LastUpdateTime />
    </Product>
    <Product>
      <PriceUpdateDate>2014/01/23 14:31</PriceUpdateDate>
      <ItemCode>5010677551281</ItemCode>
      <ItemType>1</ItemType>
      <ItemName>בקרדי בריזר לימון 275 מ"ל</ItemName>
      <ManufactureName>טמפו משקאות בעמ</ManufactureName>
      <ManufactureCountry />
      <ManufactureItemDescription />
      <UnitQty>י"ח</UnitQty>
      <Quantity>275</Quantity>
      <UnitMeasure>ל  מ"ל</UnitMeasure>
      <BisWeighted>0</BisWeighted>
      <QtyInPackage>1</QtyInPackage>
      <ItemPrice>14.20</ItemPrice>
      <UnitOfMeasurePrice>5.05</UnitOfMeasurePrice>
      <AllowDiscount>1</AllowDiscount>
      <itemStatus>1</itemStatus>
      <LastUpdateDate />
      <LastUpdateTime />
    </Product>
    <Product>
      <PriceUpdateDate>2015/05/05 10:17</PriceUpdateDate>
      <ItemCode>5010677551397</ItemCode>
      <ItemType>1</ItemType>
      <ItemName>בקרדי בריזר למון ליים 275מ"ל</ItemName>
      <ManufactureName>טמפו משקאות בעמ</ManufactureName>
      <ManufactureCountry />
      <ManufactureItemDescription />
      <UnitQty>י"ח</UnitQty>
      <Quantity>275</Quantity>
      <UnitMeasure>ל  מ"ל</UnitMeasure>
      <BisWeighted>0</BisWeighted>
      <QtyInPackage>1</QtyInPackage>
      <ItemPrice>14.20</ItemPrice>
      <UnitOfMeasurePrice>5.05</UnitOfMeasurePrice>
      <AllowDiscount>1</AllowDiscount>
      <itemStatus>1</itemStatus>
      <LastUpdateDate />
      <LastUpdateTime />
    </Product>
    <Product>
      <PriceUpdateDate>2014/01/26 11:36</PriceUpdateDate>
      <ItemCode>5010677552387</ItemCode>
      <ItemType>1</ItemType>
      <ItemName>בקרדי בריזר-אננס.</ItemName>
      <ManufactureName>טמפו משקאות בעמ</ManufactureName>
      <ManufactureCountry />
      <ManufactureItemDescription />
      <UnitQty>י"ח</UnitQty>
      <Quantity>275</Quantity>
      <UnitMeasure>ל  מ"ל</UnitMeasure>
      <BisWeighted>0</BisWeighted>
      <QtyInPackage>1</QtyInPackage>
      <ItemPrice>14.20</ItemPrice>
      <UnitOfMeasurePrice>5.05</UnitOfMeasurePrice>
      <AllowDiscount>1</AllowDiscount>
      <itemStatus>1</itemStatus>
      <LastUpdateDate />
      <LastUpdateTime />
    </Product>
    <Product>
      <PriceUpdateDate>2014/01/26 11:36</PriceUpdateDate>
      <ItemCode>5010677554398</ItemCode>
      <ItemType>1</ItemType>
      <ItemName>בקרדי בריזר אבטיח</ItemName>
      <ManufactureName>טמפו משקאות בעמ</ManufactureName>
      <ManufactureCountry />
      <ManufactureItemDescription />
      <UnitQty>י"ח</UnitQty>
      <Quantity>275</Quantity>
      <UnitMeasure>ל  מ"ל</UnitMeasure>
      <BisWeighted>0</BisWeighted>
      <QtyInPackage>1</QtyInPackage>
      <ItemPrice>14.20</ItemPrice>
      <UnitOfMeasurePrice>5.05</UnitOfMeasurePrice>
      <AllowDiscount>1</AllowDiscount>
      <itemStatus>1</itemStatus>
      <LastUpdateDate />
      <LastUpdateTime />
    </Product>
    <Product>
      <PriceUpdateDate>2019/07/24 08:42</PriceUpdateDate>
      <ItemCode>5010677850100</ItemCode>
      <ItemType>1</ItemType>
      <ItemName>וודקה צרפתית גריי גוס 700מ"ל</ItemName>
      <ManufactureName>מ.אקרמן בעמ</ManufactureName>
      <ManufactureCountry />
      <ManufactureItemDescription />
      <UnitQty>י"ח</UnitQty>
      <Quantity>750</Quantity>
      <UnitMeasure>ל  מ"ל</UnitMeasure>
      <BisWeighted>0</BisWeighted>
      <QtyInPackage>1</QtyInPackage>
      <ItemPrice>119.90</ItemPrice>
      <UnitOfMeasurePrice>15.95</UnitOfMeasurePrice>
      <AllowDiscount>0</AllowDiscount>
      <itemStatus>1</itemStatus>
      <LastUpdateDate />
      <LastUpdateTime />
    </Product>
    <Product>
      <PriceUpdateDate>2019/04/15 13:58</PriceUpdateDate>
      <ItemCode>5014271002675</ItemCode>
      <ItemType>1</ItemType>
      <ItemName>מעדן תפוח קינמון 284ג דלפור</ItemName>
      <ManufactureName>נטו מלינדה סחר בעמ</ManufactureName>
      <ManufactureCountry />
      <ManufactureItemDescription />
      <UnitQty>י"ח</UnitQty>
      <Quantity>284</Quantity>
      <UnitMeasure>ל  גרם</UnitMeasure>
      <BisWeighted>0</BisWeighted>
      <QtyInPackage>1</QtyInPackage>
      <ItemPrice>19.90</ItemPrice>
      <UnitOfMeasurePrice>7.01</UnitOfMeasurePrice>
      <AllowDiscount>0</AllowDiscount>
      <itemStatus>1</itemStatus>
      <LastUpdateDate />
      <LastUpdateTime />
    </Product>
    <Product>
      <PriceUpdateDate>2019/07/21 12:47</PriceUpdateDate>
      <ItemCode>5014271002767</ItemCode>
      <ItemType>1</ItemType>
      <ItemName>מעדן דלפור מנגו ופסיפלורה 284 ג</ItemName>
      <ManufactureName>נטו מלינדה סחר בעמ</ManufactureName>
      <ManufactureCountry />
      <ManufactureItemDescription />
      <UnitQty>י"ח</UnitQty>
      <Quantity>284</Quantity>
      <UnitMeasure>ל  גרם</UnitMeasure>
      <BisWeighted>0</BisWeighted>
      <QtyInPackage>1</QtyInPackage>
      <ItemPrice>19.90</ItemPrice>
      <UnitOfMeasurePrice>7.01</UnitOfMeasurePrice>
      <AllowDiscount>0</AllowDiscount>
      <itemStatus>1</itemStatus>
      <LastUpdateDate />
      <LastUpdateTime />
    </Product>
    <Product>
      <PriceUpdateDate>2019/04/15 13:58</PriceUpdateDate>
      <ItemCode>5014271796147</ItemCode>
      <ItemType>1</ItemType>
      <ItemName>מעדן רימון ופטל 284 ג דלפור</ItemName>
      <ManufactureName>נטו מלינדה סחר בעמ</ManufactureName>
      <ManufactureCountry />
      <ManufactureItemDescription />
      <UnitQty>י"ח</UnitQty>
      <Quantity>284</Quantity>
      <UnitMeasure>ל  גרם</UnitMeasure>
      <BisWeighted>0</BisWeighted>
      <QtyInPackage>1</QtyInPackage>
      <ItemPrice>19.90</ItemPrice>
      <UnitOfMeasurePrice>7.01</UnitOfMeasurePrice>
      <AllowDiscount>0</AllowDiscount>
      <itemStatus>1</itemStatus>
      <LastUpdateDate />
      <LastUpdateTime />
    </Product>
    <Product>
      <PriceUpdateDate>2018/02/02 10:18</PriceUpdateDate>
      <ItemCode>5024546366616</ItemCode>
      <ItemType>1</ItemType>
      <ItemName>וויסקי לאודרס 350מ"ל SCOTCH</ItemName>
      <ManufactureName>א.ג.ת.ד. שיווק והפצה</ManufactureName>
      <ManufactureCountry />
      <ManufactureItemDescription />
      <UnitQty>י"ח</UnitQty>
      <Quantity>350</Quantity>
      <UnitMeasure>ל  מ"ל</UnitMeasure>
      <BisWeighted>0</BisWeighted>
      <QtyInPackage>1</QtyInPackage>
      <ItemPrice>49.90</ItemPrice>
      <UnitOfMeasurePrice>14.17</UnitOfMeasurePrice>
      <AllowDiscount>0</AllowDiscount>
      <itemStatus>1</itemStatus>
      <LastUpdateDate />
      <LastUpdateTime />
    </Product>
    <Product>
      <PriceUpdateDate>2018/12/06 09:46</PriceUpdateDate>
      <ItemCode>5029053002408</ItemCode>
      <ItemType>1</ItemType>
      <ItemName>קלינקס  נייר טואלט פרימיום לבן 1/9</ItemName>
      <ManufactureName>קימברלי קלארק ישראל שיווק בעמ</ManufactureName>
      <ManufactureCountry />
      <ManufactureItemDescription />
      <UnitQty>י"ח</UnitQty>
      <Quantity>1184</Quantity>
      <UnitMeasure>ל  גרם</UnitMeasure>
      <BisWeighted>0</BisWeighted>
      <QtyInPackage>1</QtyInPackage>
      <ItemPrice>26.90</ItemPrice>
      <UnitOfMeasurePrice>2.27</UnitOfMeasurePrice>
      <AllowDiscount>1</AllowDiscount>
      <itemStatus>1</itemStatus>
      <LastUpdateDate />
      <LastUpdateTime />
    </Product>
    <Product>
      <PriceUpdateDate>2016/03/06 17:32</PriceUpdateDate>
      <ItemCode>5029053510811</ItemCode>
      <ItemType>1</ItemType>
      <ItemName>קוטקס נורמל 28 יחידות</ItemName>
      <ManufactureName>קימברלי קלארק ישראל שיווק בעמ</ManufactureName>
      <ManufactureCountry />
      <ManufactureItemDescription />
      <UnitQty>י"ח</UnitQty>
      <Quantity>28</Quantity>
      <UnitMeasure>י"ח</UnitMeasure>
      <BisWeighted>0</BisWeighted>
      <QtyInPackage>1</QtyInPackage>
      <ItemPrice>21.90</ItemPrice>
      <UnitOfMeasurePrice>0.78</UnitOfMeasurePrice>
      <AllowDiscount>1</AllowDiscount>
      <itemStatus>1</itemStatus>
      <LastUpdateDate />
      <LastUpdateTime />
    </Product>
    <Product>
      <PriceUpdateDate>2016/03/06 17:32</PriceUpdateDate>
      <ItemCode>5029053523446</ItemCode>
      <ItemType>1</ItemType>
      <ItemName>קוטקס לילה 20 יחידות</ItemName>
      <ManufactureName>קימברלי קלארק ישראל שיווק בעמ</ManufactureName>
      <ManufactureCountry />
      <ManufactureItemDescription />
      <UnitQty>י"ח</UnitQty>
      <Quantity>20</Quantity>
      <UnitMeasure>י"ח</UnitMeasure>
      <BisWeighted>0</BisWeighted>
      <QtyInPackage>1</QtyInPackage>
      <ItemPrice>21.90</ItemPrice>
      <UnitOfMeasurePrice>1.10</UnitOfMeasurePrice>
      <AllowDiscount>1</AllowDiscount>
      <itemStatus>1</itemStatus>
      <LastUpdateDate />
      <LastUpdateTime />
    </Product>
    <Product>
      <PriceUpdateDate>2016/02/05 10:44</PriceUpdateDate>
      <ItemCode>5029053534596</ItemCode>
      <ItemType>1</ItemType>
      <ItemName>טמפוני נורמל</ItemName>
      <ManufactureName>קימברלי קלארק ישראל שיווק בעמ</ManufactureName>
      <ManufactureCountry />
      <ManufactureItemDescription />
      <UnitQty>י"ח</UnitQty>
      <Quantity>1</Quantity>
      <UnitMeasure>י"ח</UnitMeasure>
      <BisWeighted>0</BisWeighted>
      <QtyInPackage>1</QtyInPackage>
      <ItemPrice>27.90</ItemPrice>
      <UnitOfMeasurePrice>27.90</UnitOfMeasurePrice>
      <AllowDiscount>0</AllowDiscount>
      <itemStatus>1</itemStatus>
      <LastUpdateDate />
      <LastUpdateTime />
    </Product>
    <Product>
      <PriceUpdateDate>2016/02/05 10:44</PriceUpdateDate>
      <ItemCode>5029053534602</ItemCode>
      <ItemType>1</ItemType>
      <ItemName>טמפוני סופר</ItemName>
      <ManufactureName>קימברלי קלארק ישראל שיווק בעמ</ManufactureName>
      <ManufactureCountry />
      <ManufactureItemDescription />
      <UnitQty>י"ח</UnitQty>
      <Quantity>100</Quantity>
      <UnitMeasure>ל  גרם</UnitMeasure>
      <BisWeighted>0</BisWeighted>
      <QtyInPackage>1</QtyInPackage>
      <ItemPrice>27.90</ItemPrice>
      <UnitOfMeasurePrice>27.90</UnitOfMeasurePrice>
      <AllowDiscount>0</AllowDiscount>
      <itemStatus>1</itemStatus>
      <LastUpdateDate />
      <LastUpdateTime />
    </Product>
    <Product>
      <PriceUpdateDate>2016/02/05 10:44</PriceUpdateDate>
      <ItemCode>5029053535227</ItemCode>
      <ItemType>1</ItemType>
      <ItemName>קוטקס טמפון+מוליך נורמל</ItemName>
      <ManufactureName>קימברלי קלארק ישראל שיווק בעמ</ManufactureName>
      <ManufactureCountry />
      <ManufactureItemDescription />
      <UnitQty>י"ח</UnitQty>
      <Quantity>1</Quantity>
      <UnitMeasure>י"ח</UnitMeasure>
      <BisWeighted>0</BisWeighted>
      <QtyInPackage>1</QtyInPackage>
      <ItemPrice>27.90</ItemPrice>
      <UnitOfMeasurePrice>27.90</UnitOfMeasurePrice>
      <AllowDiscount>0</AllowDiscount>
      <itemStatus>1</itemStatus>
      <LastUpdateDate />
      <LastUpdateTime />
    </Product>
    <Product>
      <PriceUpdateDate>2018/03/04 10:43</PriceUpdateDate>
      <ItemCode>5050083559761</ItemCode>
      <ItemType>1</ItemType>
      <ItemName>קלוגס קוקו פופס שוקוס 500 גרם</ItemName>
      <ManufactureName>דיפלומט בעמ</ManufactureName>
      <ManufactureCountry />
      <ManufactureItemDescription />
      <UnitQty>י"ח</UnitQty>
      <Quantity>500</Quantity>
      <UnitMeasure>ל  גרם</UnitMeasure>
      <BisWeighted>0</BisWeighted>
      <QtyInPackage>1</QtyInPackage>
      <ItemPrice>18.90</ItemPrice>
      <UnitOfMeasurePrice>3.78</UnitOfMeasurePrice>
      <AllowDiscount>0</AllowDiscount>
      <itemStatus>1</itemStatus>
      <LastUpdateDate />
      <LastUpdateTime />
    </Product>
    <Product>
      <PriceUpdateDate>2020/01/13 12:24</PriceUpdateDate>
      <ItemCode>5060517886486</ItemCode>
      <ItemType>1</ItemType>
      <ItemName>משקה אנרגיה מונסטר פח 500מ"ל</ItemName>
      <ManufactureName>חברה המרכזית להפצת משקאות בעמ</ManufactureName>
      <ManufactureCountry />
      <ManufactureItemDescription />
      <UnitQty>י"ח</UnitQty>
      <Quantity>500</Quantity>
      <UnitMeasure>ל  מ"ל</UnitMeasure>
      <BisWeighted>0</BisWeighted>
      <QtyInPackage>1</QtyInPackage>
      <ItemPrice>6.90</ItemPrice>
      <UnitOfMeasurePrice>1.32</UnitOfMeasurePrice>
      <AllowDiscount>1</AllowDiscount>
      <itemStatus>1</itemStatus>
      <LastUpdateDate />
      <LastUpdateTime />
    </Product>
    <Product>
      <PriceUpdateDate>2020/01/13 12:24</PriceUpdateDate>
      <ItemCode>5060517886547</ItemCode>
      <ItemType>1</ItemType>
      <ItemName>משקה אנרגיה מונסטר רוזי פח 500מ"ל</ItemName>
      <ManufactureName>חברה המרכזית להפצת משקאות בעמ</ManufactureName>
      <ManufactureCountry />
      <ManufactureItemDescription />
      <UnitQty>י"ח</UnitQty>
      <Quantity>500</Quantity>
      <UnitMeasure>ל  מ"ל</UnitMeasure>
      <BisWeighted>0</BisWeighted>
      <QtyInPackage>1</QtyInPackage>
      <ItemPrice>6.90</ItemPrice>
      <UnitOfMeasurePrice>1.32</UnitOfMeasurePrice>
      <AllowDiscount>1</AllowDiscount>
      <itemStatus>1</itemStatus>
      <LastUpdateDate />
      <LastUpdateTime />
    </Product>
    <Product>
      <PriceUpdateDate>2019/09/10 08:47</PriceUpdateDate>
      <ItemCode>5099864006377</ItemCode>
      <ItemType>1</ItemType>
      <ItemName>~סימילאק למהדרין שלב 1 900 ג`</ItemName>
      <ManufactureName>שקד תבל בעמ</ManufactureName>
      <ManufactureCountry />
      <ManufactureItemDescription />
      <UnitQty>י"ח</UnitQty>
      <Quantity>900</Quantity>
      <UnitMeasure>ל  גרם</UnitMeasure>
      <BisWeighted>0</BisWeighted>
      <QtyInPackage>1</QtyInPackage>
      <ItemPrice>79.90</ItemPrice>
      <UnitOfMeasurePrice>8.88</UnitOfMeasurePrice>
      <AllowDiscount>0</AllowDiscount>
      <itemStatus>1</itemStatus>
      <LastUpdateDate />
      <LastUpdateTime />
    </Product>
    <Product>
      <PriceUpdateDate>2018/03/19 10:57</PriceUpdateDate>
      <ItemCode>5200133120476</ItemCode>
      <ItemType>1</ItemType>
      <ItemName>גלילות וופל ממולאים קרם אגוזים וקקאו 400</ItemName>
      <ManufactureName>דיפלומט בעמ</ManufactureName>
      <ManufactureCountry />
      <ManufactureItemDescription />
      <UnitQty>י"ח</UnitQty>
      <Quantity>400</Quantity>
      <UnitMeasure>ל  גרם</UnitMeasure>
      <BisWeighted>0</BisWeighted>
      <QtyInPackage>1</QtyInPackage>
      <ItemPrice>17.30</ItemPrice>
      <UnitOfMeasurePrice>4.33</UnitOfMeasurePrice>
      <AllowDiscount>0</AllowDiscount>
      <itemStatus>1</itemStatus>
      <LastUpdateDate />
      <LastUpdateTime />
    </Product>
    <Product>
      <PriceUpdateDate>2020/04/27 08:18</PriceUpdateDate>
      <ItemCode>5201044008433</ItemCode>
      <ItemType>1</ItemType>
      <ItemName>חטיפי שומשום 150ג</ItemName>
      <ManufactureName>ג.וילי פוד אינטרנשיונל בעמ</ManufactureName>
      <ManufactureCountry />
      <ManufactureItemDescription />
      <UnitQty>י"ח</UnitQty>
      <Quantity>150</Quantity>
      <UnitMeasure>ל  גרם</UnitMeasure>
      <BisWeighted>0</BisWeighted>
      <QtyInPackage>1</QtyInPackage>
      <ItemPrice>9.90</ItemPrice>
      <UnitOfMeasurePrice>6.60</UnitOfMeasurePrice>
      <AllowDiscount>0</AllowDiscount>
      <itemStatus>1</itemStatus>
      <LastUpdateDate />
      <LastUpdateTime />
    </Product>
    <Product>
      <PriceUpdateDate>2020/04/27 08:18</PriceUpdateDate>
      <ItemCode>5201044008457</ItemCode>
      <ItemType>1</ItemType>
      <ItemName>חטיפי שומשום 105ג</ItemName>
      <ManufactureName>ג.וילי פוד אינטרנשיונל בעמ</ManufactureName>
      <ManufactureCountry />
      <ManufactureItemDescription />
      <UnitQty>י"ח</UnitQty>
      <Quantity>105</Quantity>
      <UnitMeasure>ל  גרם</UnitMeasure>
      <BisWeighted>0</BisWeighted>
      <QtyInPackage>1</QtyInPackage>
      <ItemPrice>9.90</ItemPrice>
      <UnitOfMeasurePrice>9.43</UnitOfMeasurePrice>
      <AllowDiscount>0</AllowDiscount>
      <itemStatus>1</itemStatus>
      <LastUpdateDate />
      <LastUpdateTime />
    </Product>
    <Product>
      <PriceUpdateDate>2020/04/27 08:18</PriceUpdateDate>
      <ItemCode>5201044008488</ItemCode>
      <ItemType>1</ItemType>
      <ItemName>חטיפי בוטנים  150ג</ItemName>
      <ManufactureName>ג.וילי פוד אינטרנשיונל בעמ</ManufactureName>
      <ManufactureCountry />
      <ManufactureItemDescription />
      <UnitQty>י"ח</UnitQty>
      <Quantity>150</Quantity>
      <UnitMeasure>ל  גרם</UnitMeasure>
      <BisWeighted>0</BisWeighted>
      <QtyInPackage>1</QtyInPackage>
      <ItemPrice>9.90</ItemPrice>
      <UnitOfMeasurePrice>6.60</UnitOfMeasurePrice>
      <AllowDiscount>0</AllowDiscount>
      <itemStatus>1</itemStatus>
      <LastUpdateDate />
      <LastUpdateTime />
    </Product>
    <Product>
      <PriceUpdateDate>2020/04/27 08:18</PriceUpdateDate>
      <ItemCode>5201044009836</ItemCode>
      <ItemType>1</ItemType>
      <ItemName>חטיף קוביות תערובת אגוזים  85ג</ItemName>
      <ManufactureName>ג.וילי פוד אינטרנשיונל בעמ</ManufactureName>
      <ManufactureCountry />
      <ManufactureItemDescription />
      <UnitQty>י"ח</UnitQty>
      <Quantity>85</Quantity>
      <UnitMeasure>ל  גרם</UnitMeasure>
      <BisWeighted>0</BisWeighted>
      <QtyInPackage>1</QtyInPackage>
      <ItemPrice>9.90</ItemPrice>
      <UnitOfMeasurePrice>11.65</UnitOfMeasurePrice>
      <AllowDiscount>0</AllowDiscount>
      <itemStatus>1</itemStatus>
      <LastUpdateDate />
      <LastUpdateTime />
    </Product>
    <Product>
      <PriceUpdateDate>2020/04/27 08:18</PriceUpdateDate>
      <ItemCode>5201044009843</ItemCode>
      <ItemType>1</ItemType>
      <ItemName>חטיף קוביות אגוזים וחמוציות 85ג</ItemName>
      <ManufactureName>ג.וילי פוד אינטרנשיונל בעמ</ManufactureName>
      <ManufactureCountry />
      <ManufactureItemDescription />
      <UnitQty>י"ח</UnitQty>
      <Quantity>85</Quantity>
      <UnitMeasure>ל  גרם</UnitMeasure>
      <BisWeighted>0</BisWeighted>
      <QtyInPackage>1</QtyInPackage>
      <ItemPrice>9.90</ItemPrice>
      <UnitOfMeasurePrice>11.65</UnitOfMeasurePrice>
      <AllowDiscount>0</AllowDiscount>
      <itemStatus>1</itemStatus>
      <LastUpdateDate />
      <LastUpdateTime />
    </Product>
    <Product>
      <PriceUpdateDate>2019/12/02 08:28</PriceUpdateDate>
      <ItemCode>5201063058136</ItemCode>
      <ItemType>1</ItemType>
      <ItemName>בצל עלים 800 גרם</ItemName>
      <ManufactureName>ג.וילי פוד אינטרנשיונל בעמ</ManufactureName>
      <ManufactureCountry />
      <ManufactureItemDescription />
      <UnitQty>י"ח</UnitQty>
      <Quantity>800</Quantity>
      <UnitMeasure>ל  גרם</UnitMeasure>
      <BisWeighted>0</BisWeighted>
      <QtyInPackage>1</QtyInPackage>
      <ItemPrice>19.90</ItemPrice>
      <UnitOfMeasurePrice>2.49</UnitOfMeasurePrice>
      <AllowDiscount>0</AllowDiscount>
      <itemStatus>1</itemStatus>
      <LastUpdateDate />
      <LastUpdateTime />
    </Product>
    <Product>
      <PriceUpdateDate>2018/11/19 09:56</PriceUpdateDate>
      <ItemCode>5201178801054</ItemCode>
      <ItemType>1</ItemType>
      <ItemName>ניוואה קרם 250</ItemName>
      <ManufactureName>אלפא ב.ד.ף בעמ</ManufactureName>
      <ManufactureCountry />
      <ManufactureItemDescription />
      <UnitQty>י"ח</UnitQty>
      <Quantity>250</Quantity>
      <UnitMeasure>ל  גרם</UnitMeasure>
      <BisWeighted>0</BisWeighted>
      <QtyInPackage>1</QtyInPackage>
      <ItemPrice>34.90</ItemPrice>
      <UnitOfMeasurePrice>13.96</UnitOfMeasurePrice>
      <AllowDiscount>1</AllowDiscount>
      <itemStatus>1</itemStatus>
      <LastUpdateDate />
      <LastUpdateTime />
    </Product>
    <Product>
      <PriceUpdateDate>2016/11/22 11:38</PriceUpdateDate>
      <ItemCode>5201347400545</ItemCode>
      <ItemType>1</ItemType>
      <ItemName>ויט ארומטיק רצועות שעווה לפנים</ItemName>
      <ManufactureName>רקיט בנקיזר (ניר איסט) בעמ</ManufactureName>
      <ManufactureCountry />
      <ManufactureItemDescription />
      <UnitQty>י"ח</UnitQty>
      <Quantity>1</Quantity>
      <UnitMeasure>י"ח</UnitMeasure>
      <BisWeighted>0</BisWeighted>
      <QtyInPackage>1</QtyInPackage>
      <ItemPrice>29.90</ItemPrice>
      <UnitOfMeasurePrice>29.90</UnitOfMeasurePrice>
      <AllowDiscount>1</AllowDiscount>
      <itemStatus>1</itemStatus>
      <LastUpdateDate />
      <LastUpdateTime />
    </Product>
    <Product>
      <PriceUpdateDate>2019/10/29 07:32</PriceUpdateDate>
      <ItemCode>5208049002473</ItemCode>
      <ItemType>1</ItemType>
      <ItemName>קנט ארוך בודד</ItemName>
      <ManufactureName>גלוברנדס בעמ</ManufactureName>
      <ManufactureCountry />
      <ManufactureItemDescription />
      <UnitQty>י"ח</UnitQty>
      <Quantity>1</Quantity>
      <UnitMeasure />
      <BisWeighted>0</BisWeighted>
      <QtyInPackage>1</QtyInPackage>
      <ItemPrice>35.50</ItemPrice>
      <UnitOfMeasurePrice>35.50</UnitOfMeasurePrice>
      <AllowDiscount>0</AllowDiscount>
      <itemStatus>1</itemStatus>
      <LastUpdateDate />
      <LastUpdateTime />
    </Product>
    <Product>
      <PriceUpdateDate>2018/05/08 14:12</PriceUpdateDate>
      <ItemCode>5391523057912</ItemCode>
      <ItemType>1</ItemType>
      <ItemName>סימילאק גולד שלב 1 400מ"ל</ItemName>
      <ManufactureName>שקד תבל בעמ</ManufactureName>
      <ManufactureCountry />
      <ManufactureItemDescription />
      <UnitQty>י"ח</UnitQty>
      <Quantity>400</Quantity>
      <UnitMeasure>ל  גרם</UnitMeasure>
      <BisWeighted>0</BisWeighted>
      <QtyInPackage>1</QtyInPackage>
      <ItemPrice>54.90</ItemPrice>
      <UnitOfMeasurePrice>13.73</UnitOfMeasurePrice>
      <AllowDiscount>0</AllowDiscount>
      <itemStatus>1</itemStatus>
      <LastUpdateDate />
      <LastUpdateTime />
    </Product>
    <Product>
      <PriceUpdateDate>2018/05/08 14:11</PriceUpdateDate>
      <ItemCode>5391523057936</ItemCode>
      <ItemType>1</ItemType>
      <ItemName>סימילאק גולד שלב 2 700מ"ל</ItemName>
      <ManufactureName>שקד תבל בעמ</ManufactureName>
      <ManufactureCountry />
      <ManufactureItemDescription />
      <UnitQty>י"ח</UnitQty>
      <Quantity>700</Quantity>
      <UnitMeasure>ל  גרם</UnitMeasure>
      <BisWeighted>0</BisWeighted>
      <QtyInPackage>1</QtyInPackage>
      <ItemPrice>89.90</ItemPrice>
      <UnitOfMeasurePrice>12.84</UnitOfMeasurePrice>
      <AllowDiscount>1</AllowDiscount>
      <itemStatus>1</itemStatus>
      <LastUpdateDate />
      <LastUpdateTime />
    </Product>
    <Product>
      <PriceUpdateDate>2018/07/10 15:15</PriceUpdateDate>
      <ItemCode>5391523058063</ItemCode>
      <ItemType>1</ItemType>
      <ItemName>סימילק אדוונס פלוס שלב1 700ג</ItemName>
      <ManufactureName>שקד תבל בעמ</ManufactureName>
      <ManufactureCountry />
      <ManufactureItemDescription />
      <UnitQty>י"ח</UnitQty>
      <Quantity>700</Quantity>
      <UnitMeasure>ל  גרם</UnitMeasure>
      <BisWeighted>0</BisWeighted>
      <QtyInPackage>1</QtyInPackage>
      <ItemPrice>69.90</ItemPrice>
      <UnitOfMeasurePrice>9.99</UnitOfMeasurePrice>
      <AllowDiscount>1</AllowDiscount>
      <itemStatus>1</itemStatus>
      <LastUpdateDate />
      <LastUpdateTime />
    </Product>
    <Product>
      <PriceUpdateDate>2018/07/10 15:15</PriceUpdateDate>
      <ItemCode>5391523058070</ItemCode>
      <ItemType>1</ItemType>
      <ItemName>סימילק אדוונס פלוס שלב3 700ג</ItemName>
      <ManufactureName>שקד תבל בעמ</ManufactureName>
      <ManufactureCountry />
      <ManufactureItemDescription />
      <UnitQty>י"ח</UnitQty>
      <Quantity>700</Quantity>
      <UnitMeasure>ל  גרם</UnitMeasure>
      <BisWeighted>0</BisWeighted>
      <QtyInPackage>1</QtyInPackage>
      <ItemPrice>69.90</ItemPrice>
      <UnitOfMeasurePrice>9.99</UnitOfMeasurePrice>
      <AllowDiscount>1</AllowDiscount>
      <itemStatus>1</itemStatus>
      <LastUpdateDate />
      <LastUpdateTime />
    </Product>
    <Product>
      <PriceUpdateDate>2016/06/15 15:19</PriceUpdateDate>
      <ItemCode>5410103161617</ItemCode>
      <ItemType>1</ItemType>
      <ItemName>לוריאל טריפל קרם לחות יום יבש ורגי 50מ</ItemName>
      <ManufactureName>לוריאל ישראל קוסמטיקס בעמ</ManufactureName>
      <ManufactureCountry />
      <ManufactureItemDescription />
      <UnitQty>י"ח</UnitQty>
      <Quantity>15</Quantity>
      <UnitMeasure>ל  מ"ל</UnitMeasure>
      <BisWeighted>0</BisWeighted>
      <QtyInPackage>1</QtyInPackage>
      <ItemPrice>50</ItemPrice>
      <UnitOfMeasurePrice>333.33</UnitOfMeasurePrice>
      <AllowDiscount>1</AllowDiscount>
      <itemStatus>1</itemStatus>
      <LastUpdateDate />
      <LastUpdateTime />
    </Product>
    <Product>
      <PriceUpdateDate>2013/12/18 16:37</PriceUpdateDate>
      <ItemCode>5410126006087</ItemCode>
      <ItemType>1</ItemType>
      <ItemName>לוטוס ביסקויט קרמל 700גר בד"ץ</ItemName>
      <ManufactureName>דיפלומט בעמ</ManufactureName>
      <ManufactureCountry />
      <ManufactureItemDescription />
      <UnitQty>י"ח</UnitQty>
      <Quantity>700</Quantity>
      <UnitMeasure>ל  גרם</UnitMeasure>
      <BisWeighted>0</BisWeighted>
      <QtyInPackage>1</QtyInPackage>
      <ItemPrice>27.90</ItemPrice>
      <UnitOfMeasurePrice>3.99</UnitOfMeasurePrice>
      <AllowDiscount>1</AllowDiscount>
      <itemStatus>1</itemStatus>
      <LastUpdateDate />
      <LastUpdateTime />
    </Product>
    <Product>
      <PriceUpdateDate>2014/07/17 14:17</PriceUpdateDate>
      <ItemCode>5410126006339</ItemCode>
      <ItemType>1</ItemType>
      <ItemName>לוטוס ביסקויט קרמל 124ג</ItemName>
      <ManufactureName>דיפלומט בעמ</ManufactureName>
      <ManufactureCountry />
      <ManufactureItemDescription />
      <UnitQty>י"ח</UnitQty>
      <Quantity>124</Quantity>
      <UnitMeasure>ל  גרם</UnitMeasure>
      <BisWeighted>0</BisWeighted>
      <QtyInPackage>1</QtyInPackage>
      <ItemPrice>5.90</ItemPrice>
      <UnitOfMeasurePrice>4.76</UnitOfMeasurePrice>
      <AllowDiscount>1</AllowDiscount>
      <itemStatus>1</itemStatus>
      <LastUpdateDate />
      <LastUpdateTime />
    </Product>
    <Product>
      <PriceUpdateDate>2016/12/13 13:51</PriceUpdateDate>
      <ItemCode>5410126116953</ItemCode>
      <ItemType>1</ItemType>
      <ItemName>ממרח לוטוס קרמל 400ג</ItemName>
      <ManufactureName>דיפלומט בעמ</ManufactureName>
      <ManufactureCountry />
      <ManufactureItemDescription />
      <UnitQty>י"ח</UnitQty>
      <Quantity>312</Quantity>
      <UnitMeasure>ל  גרם</UnitMeasure>
      <BisWeighted>0</BisWeighted>
      <QtyInPackage>1</QtyInPackage>
      <ItemPrice>21.90</ItemPrice>
      <UnitOfMeasurePrice>7.02</UnitOfMeasurePrice>
      <AllowDiscount>1</AllowDiscount>
      <itemStatus>1</itemStatus>
      <LastUpdateDate />
      <LastUpdateTime />
    </Product>
    <Product>
      <PriceUpdateDate>2018/08/12 13:50</PriceUpdateDate>
      <ItemCode>5410126666038</ItemCode>
      <ItemType>1</ItemType>
      <ItemName>עוגיות לוטוס 279ג</ItemName>
      <ManufactureName>דיפלומט בעמ</ManufactureName>
      <ManufactureCountry />
      <ManufactureItemDescription />
      <UnitQty>י"ח</UnitQty>
      <Quantity>279</Quantity>
      <UnitMeasure>ל  גרם</UnitMeasure>
      <BisWeighted>0</BisWeighted>
      <QtyInPackage>1</QtyInPackage>
      <ItemPrice>14.90</ItemPrice>
      <UnitOfMeasurePrice>5.34</UnitOfMeasurePrice>
      <AllowDiscount>1</AllowDiscount>
      <itemStatus>1</itemStatus>
      <LastUpdateDate />
      <LastUpdateTime />
    </Product>
    <Product>
      <PriceUpdateDate>2014/07/17 14:26</PriceUpdateDate>
      <ItemCode>5410126726947</ItemCode>
      <ItemType>1</ItemType>
      <ItemName>ממרח  לוטוס קראנץ  עוגיות 380ג</ItemName>
      <ManufactureName>דיפלומט בעמ</ManufactureName>
      <ManufactureCountry />
      <ManufactureItemDescription />
      <UnitQty>י"ח</UnitQty>
      <Quantity>380</Quantity>
      <UnitMeasure>ל  גרם</UnitMeasure>
      <BisWeighted>0</BisWeighted>
      <QtyInPackage>1</QtyInPackage>
      <ItemPrice>22.90</ItemPrice>
      <UnitOfMeasurePrice>6.03</UnitOfMeasurePrice>
      <AllowDiscount>1</AllowDiscount>
      <itemStatus>1</itemStatus>
      <LastUpdateDate />
      <LastUpdateTime />
    </Product>
    <Product>
      <PriceUpdateDate>2018/12/31 14:18</PriceUpdateDate>
      <ItemCode>5410228144755</ItemCode>
      <ItemType>1</ItemType>
      <ItemName>סטלה סטלה שישיה 330 מ"ל</ItemName>
      <ManufactureName>חברה המרכזית להפצת משקאות בעמ</ManufactureName>
      <ManufactureCountry />
      <ManufactureItemDescription />
      <UnitQty>י"ח</UnitQty>
      <Quantity>1.98</Quantity>
      <UnitMeasure>ליטר</UnitMeasure>
      <BisWeighted>0</BisWeighted>
      <QtyInPackage>1</QtyInPackage>
      <ItemPrice>44.90</ItemPrice>
      <UnitOfMeasurePrice>21.77</UnitOfMeasurePrice>
      <AllowDiscount>1</AllowDiscount>
      <itemStatus>1</itemStatus>
      <LastUpdateDate />
      <LastUpdateTime />
    </Product>
    <Product>
      <PriceUpdateDate>2019/09/23 08:09</PriceUpdateDate>
      <ItemCode>5410228267515</ItemCode>
      <ItemType>1</ItemType>
      <ItemName>בירה באדוויזר 1/6 330מ"ל</ItemName>
      <ManufactureName>הכרם משקאות חריפים בעמ</ManufactureName>
      <ManufactureCountry />
      <ManufactureItemDescription />
      <UnitQty>י"ח</UnitQty>
      <Quantity>1.98</Quantity>
      <UnitMeasure>ליטר</UnitMeasure>
      <BisWeighted>0</BisWeighted>
      <QtyInPackage>1</QtyInPackage>
      <ItemPrice>36.70</ItemPrice>
      <UnitOfMeasurePrice>17.63</UnitOfMeasurePrice>
      <AllowDiscount>1</AllowDiscount>
      <itemStatus>1</itemStatus>
      <LastUpdateDate />
      <LastUpdateTime />
    </Product>
    <Product>
      <PriceUpdateDate>2019/08/05 12:49</PriceUpdateDate>
      <ItemCode>5410291021991</ItemCode>
      <ItemType>1</ItemType>
      <ItemName>ממרח צ`וקטה אגוזי לוז עם קקאו 700גרם</ItemName>
      <ManufactureName>ליימן שליסל</ManufactureName>
      <ManufactureCountry />
      <ManufactureItemDescription />
      <UnitQty>י"ח</UnitQty>
      <Quantity>385</Quantity>
      <UnitMeasure>ל  גרם</UnitMeasure>
      <BisWeighted>0</BisWeighted>
      <QtyInPackage>1</QtyInPackage>
      <ItemPrice>16.90</ItemPrice>
      <UnitOfMeasurePrice>4.39</UnitOfMeasurePrice>
      <AllowDiscount>0</AllowDiscount>
      <itemStatus>1</itemStatus>
      <LastUpdateDate />
      <LastUpdateTime />
    </Product>
    <Product>
      <PriceUpdateDate>2017/11/28 09:15</PriceUpdateDate>
      <ItemCode>5410769800097</ItemCode>
      <ItemType>1</ItemType>
      <ItemName>בירה צ`רי  שוף 8%  330מ"ל</ItemName>
      <ManufactureName>הכרם משקאות חריפים בעמ</ManufactureName>
      <ManufactureCountry />
      <ManufactureItemDescription />
      <UnitQty>י"ח</UnitQty>
      <Quantity>330</Quantity>
      <UnitMeasure>ל  מ"ל</UnitMeasure>
      <BisWeighted>0</BisWeighted>
      <QtyInPackage>1</QtyInPackage>
      <ItemPrice>14.90</ItemPrice>
      <UnitOfMeasurePrice>4.42</UnitOfMeasurePrice>
      <AllowDiscount>1</AllowDiscount>
      <itemStatus>1</itemStatus>
      <LastUpdateDate />
      <LastUpdateTime />
    </Product>
    <Product>
      <PriceUpdateDate>2019/12/25 08:52</PriceUpdateDate>
      <ItemCode>5411188111375</ItemCode>
      <ItemType>1</ItemType>
      <ItemName>משקה אורז אלפרו</ItemName>
      <ManufactureName>ש.שסטוביץ בעמ</ManufactureName>
      <ManufactureCountry />
      <ManufactureItemDescription />
      <UnitQty>י"ח</UnitQty>
      <Quantity>1</Quantity>
      <UnitMeasure>ליטר</UnitMeasure>
      <BisWeighted>0</BisWeighted>
      <QtyInPackage>1</QtyInPackage>
      <ItemPrice>15.90</ItemPrice>
      <UnitOfMeasurePrice>15.90</UnitOfMeasurePrice>
      <AllowDiscount>1</AllowDiscount>
      <itemStatus>1</itemStatus>
      <LastUpdateDate />
      <LastUpdateTime />
    </Product>
    <Product>
      <PriceUpdateDate>2019/12/25 08:52</PriceUpdateDate>
      <ItemCode>5411188112709</ItemCode>
      <ItemType>1</ItemType>
      <ItemName>אלפרו שקדים ללא סוכר 1ל</ItemName>
      <ManufactureName>ש.שסטוביץ בעמ</ManufactureName>
      <ManufactureCountry />
      <ManufactureItemDescription />
      <UnitQty>י"ח</UnitQty>
      <Quantity>1</Quantity>
      <UnitMeasure>ליטר</UnitMeasure>
      <BisWeighted>0</BisWeighted>
      <QtyInPackage>1</QtyInPackage>
      <ItemPrice>15.90</ItemPrice>
      <UnitOfMeasurePrice>15.90</UnitOfMeasurePrice>
      <AllowDiscount>1</AllowDiscount>
      <itemStatus>1</itemStatus>
      <LastUpdateDate />
      <LastUpdateTime />
    </Product>
    <Product>
      <PriceUpdateDate>2019/12/25 08:52</PriceUpdateDate>
      <ItemCode>5411188115366</ItemCode>
      <ItemType>1</ItemType>
      <ItemName>אלפרו משקה שיבולת שועל 1ל</ItemName>
      <ManufactureName>ש.שסטוביץ בעמ</ManufactureName>
      <ManufactureCountry />
      <ManufactureItemDescription />
      <UnitQty>י"ח</UnitQty>
      <Quantity>1</Quantity>
      <UnitMeasure>ליטר</UnitMeasure>
      <BisWeighted>0</BisWeighted>
      <QtyInPackage>1</QtyInPackage>
      <ItemPrice>15.90</ItemPrice>
      <UnitOfMeasurePrice>15.90</UnitOfMeasurePrice>
      <AllowDiscount>1</AllowDiscount>
      <itemStatus>1</itemStatus>
      <LastUpdateDate />
      <LastUpdateTime />
    </Product>
    <Product>
      <PriceUpdateDate>2019/12/25 08:52</PriceUpdateDate>
      <ItemCode>5411188116592</ItemCode>
      <ItemType>1</ItemType>
      <ItemName>אלפרו משקה קוקוס 1ל</ItemName>
      <ManufactureName>ש.שסטוביץ בעמ</ManufactureName>
      <ManufactureCountry />
      <ManufactureItemDescription />
      <UnitQty>י"ח</UnitQty>
      <Quantity>1</Quantity>
      <UnitMeasure>ליטר</UnitMeasure>
      <BisWeighted>0</BisWeighted>
      <QtyInPackage>1</QtyInPackage>
      <ItemPrice>15.90</ItemPrice>
      <UnitOfMeasurePrice>15.90</UnitOfMeasurePrice>
      <AllowDiscount>1</AllowDiscount>
      <itemStatus>1</itemStatus>
      <LastUpdateDate />
      <LastUpdateTime />
    </Product>
    <Product>
      <PriceUpdateDate>2019/12/25 08:52</PriceUpdateDate>
      <ItemCode>5411188126195</ItemCode>
      <ItemType>1</ItemType>
      <ItemName>אלפרו משקה שקדים אורגנו   1ל</ItemName>
      <ManufactureName>ש.שסטוביץ בעמ</ManufactureName>
      <ManufactureCountry />
      <ManufactureItemDescription />
      <UnitQty>י"ח</UnitQty>
      <Quantity>1</Quantity>
      <UnitMeasure>ליטר</UnitMeasure>
      <BisWeighted>0</BisWeighted>
      <QtyInPackage>1</QtyInPackage>
      <ItemPrice>15.90</ItemPrice>
      <UnitOfMeasurePrice>15.90</UnitOfMeasurePrice>
      <AllowDiscount>1</AllowDiscount>
      <itemStatus>1</itemStatus>
      <LastUpdateDate />
      <LastUpdateTime />
    </Product>
    <Product>
      <PriceUpdateDate>2019/10/27 14:51</PriceUpdateDate>
      <ItemCode>5412865023721</ItemCode>
      <ItemType>1</ItemType>
      <ItemName>חמצוצים שטיח רחב בטעם קולה 115ג</ItemName>
      <ManufactureName>גורי ע.ע.ע. בעמ</ManufactureName>
      <ManufactureCountry />
      <ManufactureItemDescription />
      <UnitQty>י"ח</UnitQty>
      <Quantity>115</Quantity>
      <UnitMeasure>ל  גרם</UnitMeasure>
      <BisWeighted>0</BisWeighted>
      <QtyInPackage>1</QtyInPackage>
      <ItemPrice>10</ItemPrice>
      <UnitOfMeasurePrice>8.70</UnitOfMeasurePrice>
      <AllowDiscount>0</AllowDiscount>
      <itemStatus>1</itemStatus>
      <LastUpdateDate />
      <LastUpdateTime />
    </Product>
    <Product>
      <PriceUpdateDate>2016/03/06 08:38</PriceUpdateDate>
      <ItemCode>5413149930025</ItemCode>
      <ItemType>1</ItemType>
      <ItemName>טייד 5ק"ג רגיל</ItemName>
      <ManufactureName>דיפלומט מפיצים 1968 בעמ</ManufactureName>
      <ManufactureCountry />
      <ManufactureItemDescription />
      <UnitQty>י"ח</UnitQty>
      <Quantity>5</Quantity>
      <UnitMeasure>ק"ג</UnitMeasure>
      <BisWeighted>0</BisWeighted>
      <QtyInPackage>1</QtyInPackage>
      <ItemPrice>39.90</ItemPrice>
      <UnitOfMeasurePrice>7.98</UnitOfMeasurePrice>
      <AllowDiscount>1</AllowDiscount>
      <itemStatus>1</itemStatus>
      <LastUpdateDate />
      <LastUpdateTime />
    </Product>
    <Product>
      <PriceUpdateDate>2017/09/07 10:22</PriceUpdateDate>
      <ItemCode>5413548040479</ItemCode>
      <ItemType>1</ItemType>
      <ItemName>בונ`רפאלו 240גר`</ItemName>
      <ManufactureName>פרימיום - חברה לדברי מתיקה ולמ</ManufactureName>
      <ManufactureCountry />
      <ManufactureItemDescription />
      <UnitQty>י"ח</UnitQty>
      <Quantity>240</Quantity>
      <UnitMeasure>ל  גרם</UnitMeasure>
      <BisWeighted>0</BisWeighted>
      <QtyInPackage>1</QtyInPackage>
      <ItemPrice>23.90</ItemPrice>
      <UnitOfMeasurePrice>9.96</UnitOfMeasurePrice>
      <AllowDiscount>0</AllowDiscount>
      <itemStatus>1</itemStatus>
      <LastUpdateDate />
      <LastUpdateTime />
    </Product>
    <Product>
      <PriceUpdateDate>2015/05/27 17:07</PriceUpdateDate>
      <ItemCode>5413548280189</ItemCode>
      <ItemType>1</ItemType>
      <ItemName>שוקו בון 125 גרם</ItemName>
      <ManufactureName>פרימיום - חברה לדברי מתיקה ולמ</ManufactureName>
      <ManufactureCountry />
      <ManufactureItemDescription />
      <UnitQty>י"ח</UnitQty>
      <Quantity>125</Quantity>
      <UnitMeasure>ל  גרם</UnitMeasure>
      <BisWeighted>0</BisWeighted>
      <QtyInPackage>1</QtyInPackage>
      <ItemPrice>12.70</ItemPrice>
      <UnitOfMeasurePrice>10.16</UnitOfMeasurePrice>
      <AllowDiscount>0</AllowDiscount>
      <itemStatus>1</itemStatus>
      <LastUpdateDate />
      <LastUpdateTime />
    </Product>
    <Product>
      <PriceUpdateDate>2017/06/06 18:11</PriceUpdateDate>
      <ItemCode>5601008200444</ItemCode>
      <ItemType>1</ItemType>
      <ItemName>גודיס עוגיות מצופות שוק.חלב</ItemName>
      <ManufactureName>ש.שסטוביץ בעמ</ManufactureName>
      <ManufactureCountry />
      <ManufactureItemDescription />
      <UnitQty>י"ח</UnitQty>
      <Quantity>150</Quantity>
      <UnitMeasure>ל  גרם</UnitMeasure>
      <BisWeighted>0</BisWeighted>
      <QtyInPackage>1</QtyInPackage>
      <ItemPrice>5.90</ItemPrice>
      <UnitOfMeasurePrice>3.93</UnitOfMeasurePrice>
      <AllowDiscount>1</AllowDiscount>
      <itemStatus>1</itemStatus>
      <LastUpdateDate />
      <LastUpdateTime />
    </Product>
    <Product>
      <PriceUpdateDate>2017/06/06 18:11</PriceUpdateDate>
      <ItemCode>5601008200451</ItemCode>
      <ItemType>1</ItemType>
      <ItemName>גודיס עוגיות מצופות שוק.מריר</ItemName>
      <ManufactureName>ש.שסטוביץ בעמ</ManufactureName>
      <ManufactureCountry />
      <ManufactureItemDescription />
      <UnitQty>י"ח</UnitQty>
      <Quantity>150</Quantity>
      <UnitMeasure>ל  גרם</UnitMeasure>
      <BisWeighted>0</BisWeighted>
      <QtyInPackage>1</QtyInPackage>
      <ItemPrice>5.90</ItemPrice>
      <UnitOfMeasurePrice>3.93</UnitOfMeasurePrice>
      <AllowDiscount>1</AllowDiscount>
      <itemStatus>1</itemStatus>
      <LastUpdateDate />
      <LastUpdateTime />
    </Product>
    <Product>
      <PriceUpdateDate>2017/06/06 18:11</PriceUpdateDate>
      <ItemCode>5601008200468</ItemCode>
      <ItemType>1</ItemType>
      <ItemName>גודיס עוגיות מצופות שוק.לבן</ItemName>
      <ManufactureName>ש.שסטוביץ בעמ</ManufactureName>
      <ManufactureCountry />
      <ManufactureItemDescription />
      <UnitQty>י"ח</UnitQty>
      <Quantity>150</Quantity>
      <UnitMeasure>ל  גרם</UnitMeasure>
      <BisWeighted>0</BisWeighted>
      <QtyInPackage>1</QtyInPackage>
      <ItemPrice>5.90</ItemPrice>
      <UnitOfMeasurePrice>3.93</UnitOfMeasurePrice>
      <AllowDiscount>1</AllowDiscount>
      <itemStatus>1</itemStatus>
      <LastUpdateDate />
      <LastUpdateTime />
    </Product>
    <Product>
      <PriceUpdateDate>2018/08/12 13:59</PriceUpdateDate>
      <ItemCode>5604912415003</ItemCode>
      <ItemType>1</ItemType>
      <ItemName>סרדין בשמן זית פורטוס 125ג</ItemName>
      <ManufactureName>דיפלומט בעמ</ManufactureName>
      <ManufactureCountry />
      <ManufactureItemDescription />
      <UnitQty>י"ח</UnitQty>
      <Quantity>125</Quantity>
      <UnitMeasure>ל  גרם</UnitMeasure>
      <BisWeighted>0</BisWeighted>
      <QtyInPackage>1</QtyInPackage>
      <ItemPrice>6.90</ItemPrice>
      <UnitOfMeasurePrice>5.52</UnitOfMeasurePrice>
      <AllowDiscount>1</AllowDiscount>
      <itemStatus>1</itemStatus>
      <LastUpdateDate />
      <LastUpdateTime />
    </Product>
    <Product>
      <PriceUpdateDate>2017/08/16 09:24</PriceUpdateDate>
      <ItemCode>5701092108708</ItemCode>
      <ItemType>1</ItemType>
      <ItemName>פיניש קוואנטו לימון 20 יח</ItemName>
      <ManufactureName>רקיט בנקיזר (ניר איסט) בעמ</ManufactureName>
      <ManufactureCountry />
      <ManufactureItemDescription />
      <UnitQty>י"ח</UnitQty>
      <Quantity>432</Quantity>
      <UnitMeasure>ל  גרם</UnitMeasure>
      <BisWeighted>0</BisWeighted>
      <QtyInPackage>1</QtyInPackage>
      <ItemPrice>29.90</ItemPrice>
      <UnitOfMeasurePrice>6.92</UnitOfMeasurePrice>
      <AllowDiscount>1</AllowDiscount>
      <itemStatus>1</itemStatus>
      <LastUpdateDate />
      <LastUpdateTime />
    </Product>
    <Product>
      <PriceUpdateDate>2019/11/19 12:51</PriceUpdateDate>
      <ItemCode>5701932026964</ItemCode>
      <ItemType>1</ItemType>
      <ItemName>הוטפופ מלוח 600 גרם</ItemName>
      <ManufactureName>ליימן שליסל</ManufactureName>
      <ManufactureCountry />
      <ManufactureItemDescription />
      <UnitQty>י"ח</UnitQty>
      <Quantity>600</Quantity>
      <UnitMeasure>ל  גרם</UnitMeasure>
      <BisWeighted>0</BisWeighted>
      <QtyInPackage>1</QtyInPackage>
      <ItemPrice>16.90</ItemPrice>
      <UnitOfMeasurePrice>2.82</UnitOfMeasurePrice>
      <AllowDiscount>1</AllowDiscount>
      <itemStatus>1</itemStatus>
      <LastUpdateDate />
      <LastUpdateTime />
    </Product>
    <Product>
      <PriceUpdateDate>2019/11/19 12:51</PriceUpdateDate>
      <ItemCode>5701932026971</ItemCode>
      <ItemType>1</ItemType>
      <ItemName>הוטפופ חמאה 600 גרם</ItemName>
      <ManufactureName>ליימן שליסל</ManufactureName>
      <ManufactureCountry />
      <ManufactureItemDescription />
      <UnitQty>י"ח</UnitQty>
      <Quantity>600</Quantity>
      <UnitMeasure>ל  גרם</UnitMeasure>
      <BisWeighted>0</BisWeighted>
      <QtyInPackage>1</QtyInPackage>
      <ItemPrice>16.90</ItemPrice>
      <UnitOfMeasurePrice>2.82</UnitOfMeasurePrice>
      <AllowDiscount>1</AllowDiscount>
      <itemStatus>1</itemStatus>
      <LastUpdateDate />
      <LastUpdateTime />
    </Product>
    <Product>
      <PriceUpdateDate>2019/09/18 07:20</PriceUpdateDate>
      <ItemCode>5711953106583</ItemCode>
      <ItemType>1</ItemType>
      <ItemName>גבינת שמנת 24% שומן טבעי  200גר</ItemName>
      <ManufactureName>שטראוס גרופ ***בעמ</ManufactureName>
      <ManufactureCountry />
      <ManufactureItemDescription />
      <UnitQty>י"ח</UnitQty>
      <Quantity>200</Quantity>
      <UnitMeasure>ל  גרם</UnitMeasure>
      <BisWeighted>0</BisWeighted>
      <QtyInPackage>1</QtyInPackage>
      <ItemPrice>17.90</ItemPrice>
      <UnitOfMeasurePrice>8.95</UnitOfMeasurePrice>
      <AllowDiscount>1</AllowDiscount>
      <itemStatus>1</itemStatus>
      <LastUpdateDate />
      <LastUpdateTime />
    </Product>
    <Product>
      <PriceUpdateDate>2019/09/18 07:20</PriceUpdateDate>
      <ItemCode>5711953106590</ItemCode>
      <ItemType>1</ItemType>
      <ItemName>גבינת שמנת 24% שומן עם שום  200ג.</ItemName>
      <ManufactureName>שטראוס גרופ ***בעמ</ManufactureName>
      <ManufactureCountry />
      <ManufactureItemDescription />
      <UnitQty>י"ח</UnitQty>
      <Quantity>200</Quantity>
      <UnitMeasure>ל  גרם</UnitMeasure>
      <BisWeighted>0</BisWeighted>
      <QtyInPackage>1</QtyInPackage>
      <ItemPrice>17.90</ItemPrice>
      <UnitOfMeasurePrice>8.95</UnitOfMeasurePrice>
      <AllowDiscount>1</AllowDiscount>
      <itemStatus>1</itemStatus>
      <LastUpdateDate />
      <LastUpdateTime />
    </Product>
    <Product>
      <PriceUpdateDate>2020/01/13 15:10</PriceUpdateDate>
      <ItemCode>5711953114960</ItemCode>
      <ItemType>1</ItemType>
      <ItemName>קסטלו דנאבלו אקסטרא קרימי 100גר שטראוס</ItemName>
      <ManufactureName>שטראוס גרופ ***בעמ</ManufactureName>
      <ManufactureCountry />
      <ManufactureItemDescription />
      <UnitQty>י"ח</UnitQty>
      <Quantity>100</Quantity>
      <UnitMeasure>ל  גרם</UnitMeasure>
      <BisWeighted>0</BisWeighted>
      <QtyInPackage>1</QtyInPackage>
      <ItemPrice>21.90</ItemPrice>
      <UnitOfMeasurePrice>21.90</UnitOfMeasurePrice>
      <AllowDiscount>1</AllowDiscount>
      <itemStatus>1</itemStatus>
      <LastUpdateDate />
      <LastUpdateTime />
    </Product>
    <Product>
      <PriceUpdateDate>2018/10/14 15:49</PriceUpdateDate>
      <ItemCode>5740900403215</ItemCode>
      <ItemType>1</ItemType>
      <ItemName>ממרח לורפק עם מלח 250גר</ItemName>
      <ManufactureName>שטראוס גרופ ***בעמ</ManufactureName>
      <ManufactureCountry />
      <ManufactureItemDescription />
      <UnitQty>י"ח</UnitQty>
      <Quantity>250</Quantity>
      <UnitMeasure>ל  גרם</UnitMeasure>
      <BisWeighted>0</BisWeighted>
      <QtyInPackage>1</QtyInPackage>
      <ItemPrice>17.90</ItemPrice>
      <UnitOfMeasurePrice>7.16</UnitOfMeasurePrice>
      <AllowDiscount>0</AllowDiscount>
      <itemStatus>1</itemStatus>
      <LastUpdateDate />
      <LastUpdateTime />
    </Product>
    <Product>
      <PriceUpdateDate>2018/10/14 15:49</PriceUpdateDate>
      <ItemCode>5740900403222</ItemCode>
      <ItemType>1</ItemType>
      <ItemName>ממרח לורפק עם מלח מופחת שומן 250גר</ItemName>
      <ManufactureName>שטראוס גרופ ***בעמ</ManufactureName>
      <ManufactureCountry />
      <ManufactureItemDescription />
      <UnitQty>י"ח</UnitQty>
      <Quantity>250</Quantity>
      <UnitMeasure>ל  גרם</UnitMeasure>
      <BisWeighted>0</BisWeighted>
      <QtyInPackage>1</QtyInPackage>
      <ItemPrice>17.90</ItemPrice>
      <UnitOfMeasurePrice>7.16</UnitOfMeasurePrice>
      <AllowDiscount>0</AllowDiscount>
      <itemStatus>1</itemStatus>
      <LastUpdateDate />
      <LastUpdateTime />
    </Product>
    <Product>
      <PriceUpdateDate>2018/10/14 15:49</PriceUpdateDate>
      <ItemCode>5740900403239</ItemCode>
      <ItemType>1</ItemType>
      <ItemName>.ממרח לורפק ללא מלח 250גר</ItemName>
      <ManufactureName>שטראוס גרופ ***בעמ</ManufactureName>
      <ManufactureCountry />
      <ManufactureItemDescription />
      <UnitQty>י"ח</UnitQty>
      <Quantity>250</Quantity>
      <UnitMeasure>ל  גרם</UnitMeasure>
      <BisWeighted>0</BisWeighted>
      <QtyInPackage>1</QtyInPackage>
      <ItemPrice>17.90</ItemPrice>
      <UnitOfMeasurePrice>7.16</UnitOfMeasurePrice>
      <AllowDiscount>0</AllowDiscount>
      <itemStatus>1</itemStatus>
      <LastUpdateDate />
      <LastUpdateTime />
    </Product>
    <Product>
      <PriceUpdateDate>2018/10/14 15:49</PriceUpdateDate>
      <ItemCode>5740900403246</ItemCode>
      <ItemType>1</ItemType>
      <ItemName>ממרח לורפק ללא מלח 500גר</ItemName>
      <ManufactureName>שטראוס גרופ ***בעמ</ManufactureName>
      <ManufactureCountry />
      <ManufactureItemDescription />
      <UnitQty>י"ח</UnitQty>
      <Quantity>500</Quantity>
      <UnitMeasure>ל  גרם</UnitMeasure>
      <BisWeighted>0</BisWeighted>
      <QtyInPackage>1</QtyInPackage>
      <ItemPrice>26.90</ItemPrice>
      <UnitOfMeasurePrice>5.38</UnitOfMeasurePrice>
      <AllowDiscount>0</AllowDiscount>
      <itemStatus>1</itemStatus>
      <LastUpdateDate />
      <LastUpdateTime />
    </Product>
    <Product>
      <PriceUpdateDate>2018/10/14 15:49</PriceUpdateDate>
      <ItemCode>5740900403260</ItemCode>
      <ItemType>1</ItemType>
      <ItemName>ממרח לורפק ללא מלח מופחת שומן 250גר</ItemName>
      <ManufactureName>שטראוס גרופ ***בעמ</ManufactureName>
      <ManufactureCountry />
      <ManufactureItemDescription />
      <UnitQty>י"ח</UnitQty>
      <Quantity>250</Quantity>
      <UnitMeasure>ל  גרם</UnitMeasure>
      <BisWeighted>0</BisWeighted>
      <QtyInPackage>1</QtyInPackage>
      <ItemPrice>17.90</ItemPrice>
      <UnitOfMeasurePrice>7.16</UnitOfMeasurePrice>
      <AllowDiscount>0</AllowDiscount>
      <itemStatus>1</itemStatus>
      <LastUpdateDate />
      <LastUpdateTime />
    </Product>
    <Product>
      <PriceUpdateDate>2016/09/06 17:33</PriceUpdateDate>
      <ItemCode>5900020012814</ItemCode>
      <ItemType>1</ItemType>
      <ItemName>נסקוויק 500גר`</ItemName>
      <ManufactureName>קבוצת אוסם סחר-שות.מוגבלת</ManufactureName>
      <ManufactureCountry />
      <ManufactureItemDescription />
      <UnitQty>י"ח</UnitQty>
      <Quantity>500</Quantity>
      <UnitMeasure>ל  גרם</UnitMeasure>
      <BisWeighted>0</BisWeighted>
      <QtyInPackage>1</QtyInPackage>
      <ItemPrice>23.90</ItemPrice>
      <UnitOfMeasurePrice>4.78</UnitOfMeasurePrice>
      <AllowDiscount>1</AllowDiscount>
      <itemStatus>1</itemStatus>
      <LastUpdateDate />
      <LastUpdateTime />
    </Product>
    <Product>
      <PriceUpdateDate>2018/02/26 14:54</PriceUpdateDate>
      <ItemCode>5900020015174</ItemCode>
      <ItemType>1</ItemType>
      <ItemName>פיטנס חטיף דגנים שוקולד 141ג</ItemName>
      <ManufactureName>קבוצת אוסם סחר-שות.מוגבלת</ManufactureName>
      <ManufactureCountry />
      <ManufactureItemDescription />
      <UnitQty>י"ח</UnitQty>
      <Quantity>141</Quantity>
      <UnitMeasure>ל  גרם</UnitMeasure>
      <BisWeighted>0</BisWeighted>
      <QtyInPackage>1</QtyInPackage>
      <ItemPrice>15.90</ItemPrice>
      <UnitOfMeasurePrice>11.28</UnitOfMeasurePrice>
      <AllowDiscount>0</AllowDiscount>
      <itemStatus>1</itemStatus>
      <LastUpdateDate />
      <LastUpdateTime />
    </Product>
    <Product>
      <PriceUpdateDate>2018/02/26 14:58</PriceUpdateDate>
      <ItemCode>5900020025647</ItemCode>
      <ItemType>1</ItemType>
      <ItemName>פיטנס בר דליס שוקולד חלב 135ג</ItemName>
      <ManufactureName>קבוצת אוסם סחר-שות.מוגבלת</ManufactureName>
      <ManufactureCountry />
      <ManufactureItemDescription />
      <UnitQty>י"ח</UnitQty>
      <Quantity>135</Quantity>
      <UnitMeasure>ל  גרם</UnitMeasure>
      <BisWeighted>0</BisWeighted>
      <QtyInPackage>1</QtyInPackage>
      <ItemPrice>15.90</ItemPrice>
      <UnitOfMeasurePrice>11.78</UnitOfMeasurePrice>
      <AllowDiscount>0</AllowDiscount>
      <itemStatus>1</itemStatus>
      <LastUpdateDate />
      <LastUpdateTime />
    </Product>
    <Product>
      <PriceUpdateDate>2016/10/11 10:11</PriceUpdateDate>
      <ItemCode>5900020026552</ItemCode>
      <ItemType>1</ItemType>
      <ItemName>האני נאט צ`יריוס עידן הקרח 625גר</ItemName>
      <ManufactureName>קבוצת אוסם סחר-שות.מוגבלת</ManufactureName>
      <ManufactureCountry />
      <ManufactureItemDescription />
      <UnitQty>י"ח</UnitQty>
      <Quantity>615</Quantity>
      <UnitMeasure>ל  גרם</UnitMeasure>
      <BisWeighted>0</BisWeighted>
      <QtyInPackage>1</QtyInPackage>
      <ItemPrice>24.20</ItemPrice>
      <UnitOfMeasurePrice>3.93</UnitOfMeasurePrice>
      <AllowDiscount>1</AllowDiscount>
      <itemStatus>1</itemStatus>
      <LastUpdateDate />
      <LastUpdateTime />
    </Product>
    <Product>
      <PriceUpdateDate>2018/02/26 14:58</PriceUpdateDate>
      <ItemCode>5900020029669</ItemCode>
      <ItemType>1</ItemType>
      <ItemName>פיטנס חטיף דגניפ פירות יער 6*23.5ג</ItemName>
      <ManufactureName>קבוצת אוסם סחר-שות.מוגבלת</ManufactureName>
      <ManufactureCountry />
      <ManufactureItemDescription />
      <UnitQty>י"ח</UnitQty>
      <Quantity>135</Quantity>
      <UnitMeasure>ל  גרם</UnitMeasure>
      <BisWeighted>0</BisWeighted>
      <QtyInPackage>1</QtyInPackage>
      <ItemPrice>15.90</ItemPrice>
      <UnitOfMeasurePrice>11.78</UnitOfMeasurePrice>
      <AllowDiscount>0</AllowDiscount>
      <itemStatus>1</itemStatus>
      <LastUpdateDate />
      <LastUpdateTime />
    </Product>
    <Product>
      <PriceUpdateDate>2019/04/30 11:43</PriceUpdateDate>
      <ItemCode>5900020034021</ItemCode>
      <ItemType>1</ItemType>
      <ItemName>פיטנס חטיף דגנים שוק.בננה</ItemName>
      <ManufactureName>קבוצת אוסם סחר-שות.מוגבלת</ManufactureName>
      <ManufactureCountry />
      <ManufactureItemDescription />
      <UnitQty>י"ח</UnitQty>
      <Quantity>141</Quantity>
      <UnitMeasure>ל  גרם</UnitMeasure>
      <BisWeighted>0</BisWeighted>
      <QtyInPackage>1</QtyInPackage>
      <ItemPrice>15.90</ItemPrice>
      <UnitOfMeasurePrice>11.28</UnitOfMeasurePrice>
      <AllowDiscount>0</AllowDiscount>
      <itemStatus>1</itemStatus>
      <LastUpdateDate />
      <LastUpdateTime />
    </Product>
    <Product>
      <PriceUpdateDate>2020/02/23 11:14</PriceUpdateDate>
      <ItemCode>5900020035592</ItemCode>
      <ItemType>1</ItemType>
      <ItemName>פיטנס חטיף דגנים קלאסי 6.8*23.5גר</ItemName>
      <ManufactureName>קבוצת אוסם סחר-שות.מוגבלת</ManufactureName>
      <ManufactureCountry />
      <ManufactureItemDescription />
      <UnitQty>י"ח</UnitQty>
      <Quantity>141</Quantity>
      <UnitMeasure>ל  גרם</UnitMeasure>
      <BisWeighted>0</BisWeighted>
      <QtyInPackage>1</QtyInPackage>
      <ItemPrice>15.90</ItemPrice>
      <UnitOfMeasurePrice>11.28</UnitOfMeasurePrice>
      <AllowDiscount>0</AllowDiscount>
      <itemStatus>1</itemStatus>
      <LastUpdateDate />
      <LastUpdateTime />
    </Product>
    <Product>
      <PriceUpdateDate>2019/02/25 14:04</PriceUpdateDate>
      <ItemCode>5900627063233</ItemCode>
      <ItemType>1</ItemType>
      <ItemName>פיניש 50 טבליות AIO  MAX</ItemName>
      <ManufactureName>רקיט בנקיזר (ניר איסט) בעמ</ManufactureName>
      <ManufactureCountry />
      <ManufactureItemDescription />
      <UnitQty>י"ח</UnitQty>
      <Quantity>50</Quantity>
      <UnitMeasure>י"ח</UnitMeasure>
      <BisWeighted>0</BisWeighted>
      <QtyInPackage>1</QtyInPackage>
      <ItemPrice>39.90</ItemPrice>
      <UnitOfMeasurePrice>0.80</UnitOfMeasurePrice>
      <AllowDiscount>1</AllowDiscount>
      <itemStatus>1</itemStatus>
      <LastUpdateDate />
      <LastUpdateTime />
    </Product>
    <Product>
      <PriceUpdateDate>2014/02/06 09:42</PriceUpdateDate>
      <ItemCode>5901414201210</ItemCode>
      <ItemType>1</ItemType>
      <ItemName>בלזן לייבניץ 100גר</ItemName>
      <ManufactureName>ליימן שליסל</ManufactureName>
      <ManufactureCountry />
      <ManufactureItemDescription />
      <UnitQty>י"ח</UnitQty>
      <Quantity>100</Quantity>
      <UnitMeasure>ל  גרם</UnitMeasure>
      <BisWeighted>0</BisWeighted>
      <QtyInPackage>1</QtyInPackage>
      <ItemPrice>7.20</ItemPrice>
      <UnitOfMeasurePrice>7.20</UnitOfMeasurePrice>
      <AllowDiscount>0</AllowDiscount>
      <itemStatus>1</itemStatus>
      <LastUpdateDate />
      <LastUpdateTime />
    </Product>
    <Product>
      <PriceUpdateDate>2019/05/19 09:21</PriceUpdateDate>
      <ItemCode>5903141082766</ItemCode>
      <ItemType>1</ItemType>
      <ItemName>פאל מאל כחול דמי סמילס</ItemName>
      <ManufactureName>גלוברנדס בעמ</ManufactureName>
      <ManufactureCountry />
      <ManufactureItemDescription />
      <UnitQty>י"ח</UnitQty>
      <Quantity>1</Quantity>
      <UnitMeasure />
      <BisWeighted>0</BisWeighted>
      <QtyInPackage>1</QtyInPackage>
      <ItemPrice>239</ItemPrice>
      <UnitOfMeasurePrice>239</UnitOfMeasurePrice>
      <AllowDiscount>0</AllowDiscount>
      <itemStatus>1</itemStatus>
      <LastUpdateDate />
      <LastUpdateTime />
    </Product>
    <Product>
      <PriceUpdateDate>2014/08/20 18:04</PriceUpdateDate>
      <ItemCode>5904941750312</ItemCode>
      <ItemType>1</ItemType>
      <ItemName>משקה אנרגיה בלו מוחיטו</ItemName>
      <ManufactureName>בני פאוזי שמשום (2009) בעמ</ManufactureName>
      <ManufactureCountry />
      <ManufactureItemDescription />
      <UnitQty>י"ח</UnitQty>
      <Quantity>250</Quantity>
      <UnitMeasure>ל  מ"ל</UnitMeasure>
      <BisWeighted>0</BisWeighted>
      <QtyInPackage>1</QtyInPackage>
      <ItemPrice>4.20</ItemPrice>
      <UnitOfMeasurePrice>1.56</UnitOfMeasurePrice>
      <AllowDiscount>1</AllowDiscount>
      <itemStatus>1</itemStatus>
      <LastUpdateDate />
      <LastUpdateTime />
    </Product>
    <Product>
      <PriceUpdateDate>2014/08/20 18:03</PriceUpdateDate>
      <ItemCode>5904941751302</ItemCode>
      <ItemType>1</ItemType>
      <ItemName>משקה אנרגיה בלו רגולר  כחול</ItemName>
      <ManufactureName>בני פאוזי שמשום (2009) בעמ</ManufactureName>
      <ManufactureCountry />
      <ManufactureItemDescription />
      <UnitQty>י"ח</UnitQty>
      <Quantity>250</Quantity>
      <UnitMeasure>ל  מ"ל</UnitMeasure>
      <BisWeighted>0</BisWeighted>
      <QtyInPackage>1</QtyInPackage>
      <ItemPrice>4.20</ItemPrice>
      <UnitOfMeasurePrice>1.56</UnitOfMeasurePrice>
      <AllowDiscount>1</AllowDiscount>
      <itemStatus>1</itemStatus>
      <LastUpdateDate />
      <LastUpdateTime />
    </Product>
    <Product>
      <PriceUpdateDate>2014/08/20 18:04</PriceUpdateDate>
      <ItemCode>5904941751920</ItemCode>
      <ItemType>1</ItemType>
      <ItemName>משקה אנרגיה בלו day</ItemName>
      <ManufactureName>בני פאוזי שמשום (2009) בעמ</ManufactureName>
      <ManufactureCountry />
      <ManufactureItemDescription />
      <UnitQty>י"ח</UnitQty>
      <Quantity>250</Quantity>
      <UnitMeasure>ל  מ"ל</UnitMeasure>
      <BisWeighted>0</BisWeighted>
      <QtyInPackage>1</QtyInPackage>
      <ItemPrice>4.20</ItemPrice>
      <UnitOfMeasurePrice>1.56</UnitOfMeasurePrice>
      <AllowDiscount>1</AllowDiscount>
      <itemStatus>1</itemStatus>
      <LastUpdateDate />
      <LastUpdateTime />
    </Product>
    <Product>
      <PriceUpdateDate>2014/09/17 17:47</PriceUpdateDate>
      <ItemCode>5904941753115</ItemCode>
      <ItemType>1</ItemType>
      <ItemName>ארגז משקה אנרגיה בלו</ItemName>
      <ManufactureName>בני פאוזי שמשום (2009) בעמ</ManufactureName>
      <ManufactureCountry />
      <ManufactureItemDescription />
      <UnitQty>י"ח</UnitQty>
      <Quantity>24</Quantity>
      <UnitMeasure>י"ח</UnitMeasure>
      <BisWeighted>0</BisWeighted>
      <QtyInPackage>1</QtyInPackage>
      <ItemPrice>67.10</ItemPrice>
      <UnitOfMeasurePrice>2.50</UnitOfMeasurePrice>
      <AllowDiscount>0</AllowDiscount>
      <itemStatus>1</itemStatus>
      <LastUpdateDate />
      <LastUpdateTime />
    </Product>
    <Product>
      <PriceUpdateDate>2018/12/14 11:34</PriceUpdateDate>
      <ItemCode>5906485301012</ItemCode>
      <ItemType>1</ItemType>
      <ItemName>משקה אנרגיה XL</ItemName>
      <ManufactureName>טמפו משקאות בעמ</ManufactureName>
      <ManufactureCountry />
      <ManufactureItemDescription />
      <UnitQty>י"ח</UnitQty>
      <Quantity>250</Quantity>
      <UnitMeasure>ל  מ"ל</UnitMeasure>
      <BisWeighted>0</BisWeighted>
      <QtyInPackage>1</QtyInPackage>
      <ItemPrice>3.70</ItemPrice>
      <UnitOfMeasurePrice>1.36</UnitOfMeasurePrice>
      <AllowDiscount>1</AllowDiscount>
      <itemStatus>1</itemStatus>
      <LastUpdateDate />
      <LastUpdateTime />
    </Product>
    <Product>
      <PriceUpdateDate>2019/04/15 10:04</PriceUpdateDate>
      <ItemCode>5998623526739</ItemCode>
      <ItemType>1</ItemType>
      <ItemName>יין סי גראס גוורצטרמינר 750מ"ל</ItemName>
      <ManufactureName>מ.אקרמן בעמ</ManufactureName>
      <ManufactureCountry />
      <ManufactureItemDescription />
      <UnitQty>י"ח</UnitQty>
      <Quantity>750</Quantity>
      <UnitMeasure>ל  מ"ל</UnitMeasure>
      <BisWeighted>0</BisWeighted>
      <QtyInPackage>1</QtyInPackage>
      <ItemPrice>44.20</ItemPrice>
      <UnitOfMeasurePrice>5.85</UnitOfMeasurePrice>
      <AllowDiscount>1</AllowDiscount>
      <itemStatus>1</itemStatus>
      <LastUpdateDate />
      <LastUpdateTime />
    </Product>
    <Product>
      <PriceUpdateDate>2019/09/17 09:20</PriceUpdateDate>
      <ItemCode>6001067017523</ItemCode>
      <ItemType>1</ItemType>
      <ItemName>קולגייט סמיילס ילדים</ItemName>
      <ManufactureName>ש.שסטוביץ בעמ</ManufactureName>
      <ManufactureCountry />
      <ManufactureItemDescription />
      <UnitQty>י"ח</UnitQty>
      <Quantity>1</Quantity>
      <UnitMeasure />
      <BisWeighted>0</BisWeighted>
      <QtyInPackage>1</QtyInPackage>
      <ItemPrice>10.90</ItemPrice>
      <UnitOfMeasurePrice>10.90</UnitOfMeasurePrice>
      <AllowDiscount>1</AllowDiscount>
      <itemStatus>1</itemStatus>
      <LastUpdateDate />
      <LastUpdateTime />
    </Product>
    <Product>
      <PriceUpdateDate>2016/05/29 13:20</PriceUpdateDate>
      <ItemCode>6008165003984</ItemCode>
      <ItemType>1</ItemType>
      <ItemName>פל מאל כחול בודד</ItemName>
      <ManufactureName>גלוברנדס בעמ</ManufactureName>
      <ManufactureCountry />
      <ManufactureItemDescription />
      <UnitQty>י"ח</UnitQty>
      <Quantity>1</Quantity>
      <UnitMeasure />
      <BisWeighted>0</BisWeighted>
      <QtyInPackage>1</QtyInPackage>
      <ItemPrice>28</ItemPrice>
      <UnitOfMeasurePrice>28</UnitOfMeasurePrice>
      <AllowDiscount>0</AllowDiscount>
      <itemStatus>1</itemStatus>
      <LastUpdateDate />
      <LastUpdateTime />
    </Product>
    <Product>
      <PriceUpdateDate>2016/05/29 13:20</PriceUpdateDate>
      <ItemCode>6008165271192</ItemCode>
      <ItemType>1</ItemType>
      <ItemName>פאל מאל אדום ארוך</ItemName>
      <ManufactureName>גלוברנדס בעמ</ManufactureName>
      <ManufactureCountry />
      <ManufactureItemDescription />
      <UnitQty>י"ח</UnitQty>
      <Quantity>1</Quantity>
      <UnitMeasure />
      <BisWeighted>0</BisWeighted>
      <QtyInPackage>1</QtyInPackage>
      <ItemPrice>28</ItemPrice>
      <UnitOfMeasurePrice>28</UnitOfMeasurePrice>
      <AllowDiscount>0</AllowDiscount>
      <itemStatus>1</itemStatus>
      <LastUpdateDate />
      <LastUpdateTime />
    </Product>
    <Product>
      <PriceUpdateDate>2016/05/29 13:20</PriceUpdateDate>
      <ItemCode>6008165274629</ItemCode>
      <ItemType>1</ItemType>
      <ItemName>פאל מאל כחול ארוך סטרים</ItemName>
      <ManufactureName>גלוברנדס בעמ</ManufactureName>
      <ManufactureCountry />
      <ManufactureItemDescription />
      <UnitQty>י"ח</UnitQty>
      <Quantity>0</Quantity>
      <UnitMeasure>י"ח</UnitMeasure>
      <BisWeighted>0</BisWeighted>
      <QtyInPackage>1</QtyInPackage>
      <ItemPrice>28</ItemPrice>
      <UnitOfMeasurePrice>28</UnitOfMeasurePrice>
      <AllowDiscount>0</AllowDiscount>
      <itemStatus>1</itemStatus>
      <LastUpdateDate />
      <LastUpdateTime />
    </Product>
    <Product>
      <PriceUpdateDate>2020/02/05 12:14</PriceUpdateDate>
      <ItemCode>6009802538012</ItemCode>
      <ItemType>1</ItemType>
      <ItemName>ענבים לבנים מארז</ItemName>
      <ManufactureName>ביכורי הנגב מ.ד בעמ</ManufactureName>
      <ManufactureCountry />
      <ManufactureItemDescription />
      <UnitQty>ק"ג</UnitQty>
      <Quantity>1</Quantity>
      <UnitMeasure />
      <BisWeighted>1</BisWeighted>
      <QtyInPackage>1</QtyInPackage>
      <ItemPrice>19.90</ItemPrice>
      <UnitOfMeasurePrice>19.90</UnitOfMeasurePrice>
      <AllowDiscount>0</AllowDiscount>
      <itemStatus>1</itemStatus>
      <LastUpdateDate />
      <LastUpdateTime />
    </Product>
    <Product>
      <PriceUpdateDate>2018/05/02 13:08</PriceUpdateDate>
      <ItemCode>6226621223145</ItemCode>
      <ItemType>1</ItemType>
      <ItemName>גופיה ספגטי</ItemName>
      <ManufactureName>ביג מול בעמ</ManufactureName>
      <ManufactureCountry />
      <ManufactureItemDescription />
      <UnitQty>י"ח</UnitQty>
      <Quantity>1</Quantity>
      <UnitMeasure />
      <BisWeighted>0</BisWeighted>
      <QtyInPackage>1</QtyInPackage>
      <ItemPrice>14.90</ItemPrice>
      <UnitOfMeasurePrice>14.90</UnitOfMeasurePrice>
      <AllowDiscount>0</AllowDiscount>
      <itemStatus>1</itemStatus>
      <LastUpdateDate />
      <LastUpdateTime />
    </Product>
    <Product>
      <PriceUpdateDate>2019/09/17 09:20</PriceUpdateDate>
      <ItemCode>6281001510390</ItemCode>
      <ItemType>1</ItemType>
      <ItemName>קולגייט סמיילס</ItemName>
      <ManufactureName>ש.שסטוביץ בעמ</ManufactureName>
      <ManufactureCountry />
      <ManufactureItemDescription />
      <UnitQty>י"ח</UnitQty>
      <Quantity>1</Quantity>
      <UnitMeasure />
      <BisWeighted>0</BisWeighted>
      <QtyInPackage>1</QtyInPackage>
      <ItemPrice>10.90</ItemPrice>
      <UnitOfMeasurePrice>10.90</UnitOfMeasurePrice>
      <AllowDiscount>1</AllowDiscount>
      <itemStatus>1</itemStatus>
      <LastUpdateDate />
      <LastUpdateTime />
    </Product>
    <Product>
      <PriceUpdateDate>2019/04/04 11:17</PriceUpdateDate>
      <ItemCode>6910191800287</ItemCode>
      <ItemType>1</ItemType>
      <ItemName>אצות נור בלו 10דף</ItemName>
      <ManufactureName>מזרח ומערב יבוא ושיווק</ManufactureName>
      <ManufactureCountry />
      <ManufactureItemDescription />
      <UnitQty>י"ח</UnitQty>
      <Quantity>10</Quantity>
      <UnitMeasure>י"ח</UnitMeasure>
      <BisWeighted>0</BisWeighted>
      <QtyInPackage>1</QtyInPackage>
      <ItemPrice>10.90</ItemPrice>
      <UnitOfMeasurePrice>1.09</UnitOfMeasurePrice>
      <AllowDiscount>1</AllowDiscount>
      <itemStatus>1</itemStatus>
      <LastUpdateDate />
      <LastUpdateTime />
    </Product>
    <Product>
      <PriceUpdateDate>2020/02/03 09:07</PriceUpdateDate>
      <ItemCode>6920344800194</ItemCode>
      <ItemType>1</ItemType>
      <ItemName>ממתקים בתפזורת</ItemName>
      <ManufactureName>קסם השקל ועוד בעמ</ManufactureName>
      <ManufactureCountry />
      <ManufactureItemDescription />
      <UnitQty>י"ח</UnitQty>
      <Quantity>1</Quantity>
      <UnitMeasure />
      <BisWeighted>0</BisWeighted>
      <QtyInPackage>1</QtyInPackage>
      <ItemPrice>3.90</ItemPrice>
      <UnitOfMeasurePrice>3.90</UnitOfMeasurePrice>
      <AllowDiscount>1</AllowDiscount>
      <itemStatus>1</itemStatus>
      <LastUpdateDate />
      <LastUpdateTime />
    </Product>
    <Product>
      <PriceUpdateDate>2020/02/03 09:07</PriceUpdateDate>
      <ItemCode>6920484010590</ItemCode>
      <ItemType>1</ItemType>
      <ItemName>ממתקים בתפזורת</ItemName>
      <ManufactureName>קסם השקל ועוד בעמ</ManufactureName>
      <ManufactureCountry />
      <ManufactureItemDescription />
      <UnitQty>י"ח</UnitQty>
      <Quantity>1</Quantity>
      <UnitMeasure />
      <BisWeighted>0</BisWeighted>
      <QtyInPackage>1</QtyInPackage>
      <ItemPrice>3.90</ItemPrice>
      <UnitOfMeasurePrice>3.90</UnitOfMeasurePrice>
      <AllowDiscount>1</AllowDiscount>
      <itemStatus>1</itemStatus>
      <LastUpdateDate />
      <LastUpdateTime />
    </Product>
    <Product>
      <PriceUpdateDate>2020/02/03 09:07</PriceUpdateDate>
      <ItemCode>6921898572131</ItemCode>
      <ItemType>1</ItemType>
      <ItemName>ממתקים בתפזורת</ItemName>
      <ManufactureName>קסם השקל ועוד בעמ</ManufactureName>
      <ManufactureCountry />
      <ManufactureItemDescription />
      <UnitQty>י"ח</UnitQty>
      <Quantity>1</Quantity>
      <UnitMeasure />
      <BisWeighted>0</BisWeighted>
      <QtyInPackage>1</QtyInPackage>
      <ItemPrice>3.90</ItemPrice>
      <UnitOfMeasurePrice>3.90</UnitOfMeasurePrice>
      <AllowDiscount>1</AllowDiscount>
      <itemStatus>1</itemStatus>
      <LastUpdateDate />
      <LastUpdateTime />
    </Product>
    <Product>
      <PriceUpdateDate>2019/04/04 11:17</PriceUpdateDate>
      <ItemCode>6922276100083</ItemCode>
      <ItemType>1</ItemType>
      <ItemName>מחית וואסבי 43</ItemName>
      <ManufactureName>מזרח ומערב יבוא ושיווק</ManufactureName>
      <ManufactureCountry />
      <ManufactureItemDescription />
      <UnitQty>י"ח</UnitQty>
      <Quantity>500</Quantity>
      <UnitMeasure>ל  גרם</UnitMeasure>
      <BisWeighted>0</BisWeighted>
      <QtyInPackage>1</QtyInPackage>
      <ItemPrice>8.90</ItemPrice>
      <UnitOfMeasurePrice>1.78</UnitOfMeasurePrice>
      <AllowDiscount>0</AllowDiscount>
      <itemStatus>1</itemStatus>
      <LastUpdateDate />
      <LastUpdateTime />
    </Product>
    <Product>
      <PriceUpdateDate>2019/07/10 14:32</PriceUpdateDate>
      <ItemCode>6936613888667</ItemCode>
      <ItemType>1</ItemType>
      <ItemName>שום ארוז.</ItemName>
      <ManufactureName>ביכורי הנגב מ.ד בעמ</ManufactureName>
      <ManufactureCountry />
      <ManufactureItemDescription />
      <UnitQty>י"ח</UnitQty>
      <Quantity>1</Quantity>
      <UnitMeasure />
      <BisWeighted>0</BisWeighted>
      <QtyInPackage>1</QtyInPackage>
      <ItemPrice>7.90</ItemPrice>
      <UnitOfMeasurePrice>7.90</UnitOfMeasurePrice>
      <AllowDiscount>0</AllowDiscount>
      <itemStatus>1</itemStatus>
      <LastUpdateDate />
      <LastUpdateTime />
    </Product>
    <Product>
      <PriceUpdateDate>2020/04/19 09:09</PriceUpdateDate>
      <ItemCode>6973089210032</ItemCode>
      <ItemType>1</ItemType>
      <ItemName>סט 10 מסכות הגנה.</ItemName>
      <ManufactureName>אוצרות בית יוסף בעמ</ManufactureName>
      <ManufactureCountry />
      <ManufactureItemDescription />
      <UnitQty>י"ח</UnitQty>
      <Quantity>1</Quantity>
      <UnitMeasure />
      <BisWeighted>0</BisWeighted>
      <QtyInPackage>1</QtyInPackage>
      <ItemPrice>29.90</ItemPrice>
      <UnitOfMeasurePrice>29.90</UnitOfMeasurePrice>
      <AllowDiscount>1</AllowDiscount>
      <itemStatus>1</itemStatus>
      <LastUpdateDate />
      <LastUpdateTime />
    </Product>
    <Product>
      <PriceUpdateDate>2020/01/23 09:23</PriceUpdateDate>
      <ItemCode>7046110071519</ItemCode>
      <ItemType>1</ItemType>
      <ItemName>מ.שיניים לשיניים חלב ג`ורדון 2-6</ItemName>
      <ManufactureName>דנשר (1963) בעמ</ManufactureName>
      <ManufactureCountry />
      <ManufactureItemDescription />
      <UnitQty>י"ח</UnitQty>
      <Quantity>1</Quantity>
      <UnitMeasure />
      <BisWeighted>0</BisWeighted>
      <QtyInPackage>1</QtyInPackage>
      <ItemPrice>11.90</ItemPrice>
      <UnitOfMeasurePrice>11.90</UnitOfMeasurePrice>
      <AllowDiscount>1</AllowDiscount>
      <itemStatus>1</itemStatus>
      <LastUpdateDate />
      <LastUpdateTime />
    </Product>
    <Product>
      <PriceUpdateDate>2020/01/23 09:23</PriceUpdateDate>
      <ItemCode>7046110075562</ItemCode>
      <ItemType>1</ItemType>
      <ItemName>מ.שיניים לשיניים קבועות ג`ורדון 6-12</ItemName>
      <ManufactureName>דנשר (1963) בעמ</ManufactureName>
      <ManufactureCountry />
      <ManufactureItemDescription />
      <UnitQty>י"ח</UnitQty>
      <Quantity>1</Quantity>
      <UnitMeasure />
      <BisWeighted>0</BisWeighted>
      <QtyInPackage>1</QtyInPackage>
      <ItemPrice>11.90</ItemPrice>
      <UnitOfMeasurePrice>11.90</UnitOfMeasurePrice>
      <AllowDiscount>1</AllowDiscount>
      <itemStatus>1</itemStatus>
      <LastUpdateDate />
      <LastUpdateTime />
    </Product>
    <Product>
      <PriceUpdateDate>2019/10/17 13:22</PriceUpdateDate>
      <ItemCode>7290000000848</ItemCode>
      <ItemType>1</ItemType>
      <ItemName>תירס ארוז</ItemName>
      <ManufactureName>ביכורי הנגב מ.ד בעמ</ManufactureName>
      <ManufactureCountry />
      <ManufactureItemDescription />
      <UnitQty>ק"ג</UnitQty>
      <Quantity>1</Quantity>
      <UnitMeasure />
      <BisWeighted>1</BisWeighted>
      <QtyInPackage>1</QtyInPackage>
      <ItemPrice>8.90</ItemPrice>
      <UnitOfMeasurePrice>8.90</UnitOfMeasurePrice>
      <AllowDiscount>0</AllowDiscount>
      <itemStatus>1</itemStatus>
      <LastUpdateDate />
      <LastUpdateTime />
    </Product>
    <Product>
      <PriceUpdateDate>2014/01/02 15:03</PriceUpdateDate>
      <ItemCode>7290000000985</ItemCode>
      <ItemType>1</ItemType>
      <ItemName>גלאט קטיף פטרוזיליה</ItemName>
      <ManufactureName>ביכורי הנגב מ.ד בעמ</ManufactureName>
      <ManufactureCountry />
      <ManufactureItemDescription />
      <UnitQty>י"ח</UnitQty>
      <Quantity>1</Quantity>
      <UnitMeasure />
      <BisWeighted>0</BisWeighted>
      <QtyInPackage>1</QtyInPackage>
      <ItemPrice>5.90</ItemPrice>
      <UnitOfMeasurePrice>5.90</UnitOfMeasurePrice>
      <AllowDiscount>1</AllowDiscount>
      <itemStatus>1</itemStatus>
      <LastUpdateDate />
      <LastUpdateTime />
    </Product>
    <Product>
      <PriceUpdateDate>2014/01/02 15:03</PriceUpdateDate>
      <ItemCode>7290000001586</ItemCode>
      <ItemType>1</ItemType>
      <ItemName>גלאט קטיף שמיר</ItemName>
      <ManufactureName>ביכורי הנגב מ.ד בעמ</ManufactureName>
      <ManufactureCountry />
      <ManufactureItemDescription />
      <UnitQty>י"ח</UnitQty>
      <Quantity>1</Quantity>
      <UnitMeasure />
      <BisWeighted>0</BisWeighted>
      <QtyInPackage>1</QtyInPackage>
      <ItemPrice>5.90</ItemPrice>
      <UnitOfMeasurePrice>5.90</UnitOfMeasurePrice>
      <AllowDiscount>1</AllowDiscount>
      <itemStatus>1</itemStatus>
      <LastUpdateDate />
      <LastUpdateTime />
    </Product>
    <Product>
      <PriceUpdateDate>2016/05/15 09:40</PriceUpdateDate>
      <ItemCode>7290000023083</ItemCode>
      <ItemType>1</ItemType>
      <ItemName>ארק אשקלון 40% 700מ"ל</ItemName>
      <ManufactureName>טמפו משקאות בעמ</ManufactureName>
      <ManufactureCountry />
      <ManufactureItemDescription />
      <UnitQty>י"ח</UnitQty>
      <Quantity>700</Quantity>
      <UnitMeasure>ל  מ"ל</UnitMeasure>
      <BisWeighted>0</BisWeighted>
      <QtyInPackage>1</QtyInPackage>
      <ItemPrice>55.90</ItemPrice>
      <UnitOfMeasurePrice>7.94</UnitOfMeasurePrice>
      <AllowDiscount>1</AllowDiscount>
      <itemStatus>1</itemStatus>
      <LastUpdateDate />
      <LastUpdateTime />
    </Product>
    <Product>
      <PriceUpdateDate>2019/07/01 10:22</PriceUpdateDate>
      <ItemCode>7290000148939</ItemCode>
      <ItemType>1</ItemType>
      <ItemName>שקד קלוי 200 גרם</ItemName>
      <ManufactureName>ליימן שליסל</ManufactureName>
      <ManufactureCountry />
      <ManufactureItemDescription />
      <UnitQty>י"ח</UnitQty>
      <Quantity>200</Quantity>
      <UnitMeasure>ל  גרם</UnitMeasure>
      <BisWeighted>0</BisWeighted>
      <QtyInPackage>1</QtyInPackage>
      <ItemPrice>19.90</ItemPrice>
      <UnitOfMeasurePrice>9.95</UnitOfMeasurePrice>
      <AllowDiscount>0</AllowDiscount>
      <itemStatus>1</itemStatus>
      <LastUpdateDate />
      <LastUpdateTime />
    </Product>
    <Product>
      <PriceUpdateDate>2019/02/17 18:28</PriceUpdateDate>
      <ItemCode>7290001468319</ItemCode>
      <ItemType>1</ItemType>
      <ItemName>מיץ לימון טבעי 200מל.</ItemName>
      <ManufactureName>נאמן לאורך זמן בעמ</ManufactureName>
      <ManufactureCountry />
      <ManufactureItemDescription />
      <UnitQty>י"ח</UnitQty>
      <Quantity>200</Quantity>
      <UnitMeasure>ל  מ"ל</UnitMeasure>
      <BisWeighted>0</BisWeighted>
      <QtyInPackage>1</QtyInPackage>
      <ItemPrice>3.90</ItemPrice>
      <UnitOfMeasurePrice>1.95</UnitOfMeasurePrice>
      <AllowDiscount>0</AllowDiscount>
      <itemStatus>1</itemStatus>
      <LastUpdateDate />
      <LastUpdateTime />
    </Product>
    <Product>
      <PriceUpdateDate>2016/01/04 18:53</PriceUpdateDate>
      <ItemCode>7290001468661</ItemCode>
      <ItemType>1</ItemType>
      <ItemName>מסיר לק 180 מ"ל</ItemName>
      <ManufactureName>נאמן לאורך זמן בעמ</ManufactureName>
      <ManufactureCountry />
      <ManufactureItemDescription />
      <UnitQty>י"ח</UnitQty>
      <Quantity>180</Quantity>
      <UnitMeasure>ל  מ"ל</UnitMeasure>
      <BisWeighted>0</BisWeighted>
      <QtyInPackage>1</QtyInPackage>
      <ItemPrice>7.90</ItemPrice>
      <UnitOfMeasurePrice>4.39</UnitOfMeasurePrice>
      <AllowDiscount>0</AllowDiscount>
      <itemStatus>1</itemStatus>
      <LastUpdateDate />
      <LastUpdateTime />
    </Product>
    <Product>
      <PriceUpdateDate>2014/02/17 15:51</PriceUpdateDate>
      <ItemCode>7290004494131</ItemCode>
      <ItemType>1</ItemType>
      <ItemName>דלתון קברנה סובניון D.</ItemName>
      <ManufactureName>הכרם משקאות חריפים בעמ</ManufactureName>
      <ManufactureCountry />
      <ManufactureItemDescription />
      <UnitQty>י"ח</UnitQty>
      <Quantity>750</Quantity>
      <UnitMeasure>ל  מ"ל</UnitMeasure>
      <BisWeighted>0</BisWeighted>
      <QtyInPackage>1</QtyInPackage>
      <ItemPrice>70.20</ItemPrice>
      <UnitOfMeasurePrice>9.32</UnitOfMeasurePrice>
      <AllowDiscount>1</AllowDiscount>
      <itemStatus>1</itemStatus>
      <LastUpdateDate />
      <LastUpdateTime />
    </Product>
    <Product>
      <PriceUpdateDate>2013/12/04 10:23</PriceUpdateDate>
      <ItemCode>7290004923051</ItemCode>
      <ItemType>1</ItemType>
      <ItemName>מים עין גדי 2 ליטר</ItemName>
      <ManufactureName>יפאורה שותפות מוגבלת לשיווק</ManufactureName>
      <ManufactureCountry />
      <ManufactureItemDescription />
      <UnitQty>י"ח</UnitQty>
      <Quantity>2</Quantity>
      <UnitMeasure>ליטר</UnitMeasure>
      <BisWeighted>0</BisWeighted>
      <QtyInPackage>1</QtyInPackage>
      <ItemPrice>3</ItemPrice>
      <UnitOfMeasurePrice>1.50</UnitOfMeasurePrice>
      <AllowDiscount>1</AllowDiscount>
      <itemStatus>1</itemStatus>
      <LastUpdateDate />
      <LastUpdateTime />
    </Product>
    <Product>
      <PriceUpdateDate>2019/12/09 14:32</PriceUpdateDate>
      <ItemCode>7290006788429</ItemCode>
      <ItemType>1</ItemType>
      <ItemName>רולאון נושם כתום פ. דיל</ItemName>
      <ManufactureName>החב הדרומית לשיווק</ManufactureName>
      <ManufactureCountry />
      <ManufactureItemDescription />
      <UnitQty>י"ח</UnitQty>
      <Quantity>75</Quantity>
      <UnitMeasure>ל  גרם</UnitMeasure>
      <BisWeighted>0</BisWeighted>
      <QtyInPackage>1</QtyInPackage>
      <ItemPrice>14.90</ItemPrice>
      <UnitOfMeasurePrice>19.87</UnitOfMeasurePrice>
      <AllowDiscount>0</AllowDiscount>
      <itemStatus>1</itemStatus>
      <LastUpdateDate />
      <LastUpdateTime />
    </Product>
    <Product>
      <PriceUpdateDate>2019/12/09 14:32</PriceUpdateDate>
      <ItemCode>7290006788436</ItemCode>
      <ItemType>1</ItemType>
      <ItemName>רולאון נושםן ורוד פ. דיל</ItemName>
      <ManufactureName>החב הדרומית לשיווק</ManufactureName>
      <ManufactureCountry />
      <ManufactureItemDescription />
      <UnitQty>י"ח</UnitQty>
      <Quantity>75</Quantity>
      <UnitMeasure>ל  גרם</UnitMeasure>
      <BisWeighted>0</BisWeighted>
      <QtyInPackage>1</QtyInPackage>
      <ItemPrice>14.90</ItemPrice>
      <UnitOfMeasurePrice>19.87</UnitOfMeasurePrice>
      <AllowDiscount>0</AllowDiscount>
      <itemStatus>1</itemStatus>
      <LastUpdateDate />
      <LastUpdateTime />
    </Product>
    <Product>
      <PriceUpdateDate>2013/12/12 12:15</PriceUpdateDate>
      <ItemCode>7290008636193</ItemCode>
      <ItemType>1</ItemType>
      <ItemName>כמון 400 גרם</ItemName>
      <ManufactureName>מיה תעשיות מזון מ.ת.מ בעמ</ManufactureName>
      <ManufactureCountry />
      <ManufactureItemDescription />
      <UnitQty>י"ח</UnitQty>
      <Quantity>400</Quantity>
      <UnitMeasure>ל  גרם</UnitMeasure>
      <BisWeighted>0</BisWeighted>
      <QtyInPackage>1</QtyInPackage>
      <ItemPrice>25.70</ItemPrice>
      <UnitOfMeasurePrice>6.43</UnitOfMeasurePrice>
      <AllowDiscount>0</AllowDiscount>
      <itemStatus>1</itemStatus>
      <LastUpdateDate />
      <LastUpdateTime />
    </Product>
    <Product>
      <PriceUpdateDate>2018/12/05 13:16</PriceUpdateDate>
      <ItemCode>7290008801010</ItemCode>
      <ItemType>1</ItemType>
      <ItemName>PC  קברנה/מרלו 0.75 ל</ItemName>
      <ManufactureName>אגודת הכורמים -כרמל מזרחי</ManufactureName>
      <ManufactureCountry />
      <ManufactureItemDescription />
      <UnitQty>י"ח</UnitQty>
      <Quantity>750</Quantity>
      <UnitMeasure>ל  מ"ל</UnitMeasure>
      <BisWeighted>0</BisWeighted>
      <QtyInPackage>1</QtyInPackage>
      <ItemPrice>36.90</ItemPrice>
      <UnitOfMeasurePrice>4.88</UnitOfMeasurePrice>
      <AllowDiscount>1</AllowDiscount>
      <itemStatus>1</itemStatus>
      <LastUpdateDate />
      <LastUpdateTime />
    </Product>
    <Product>
      <PriceUpdateDate>2019/01/08 09:55</PriceUpdateDate>
      <ItemCode>7290008806961</ItemCode>
      <ItemType>1</ItemType>
      <ItemName>קרמיסמו פרה שטראוס</ItemName>
      <ManufactureName>גלידות שטראוס בעמ</ManufactureName>
      <ManufactureCountry />
      <ManufactureItemDescription />
      <UnitQty>י"ח</UnitQty>
      <Quantity>1.33</Quantity>
      <UnitMeasure>ליטר</UnitMeasure>
      <BisWeighted>0</BisWeighted>
      <QtyInPackage>1</QtyInPackage>
      <ItemPrice>18.90</ItemPrice>
      <UnitOfMeasurePrice>14.21</UnitOfMeasurePrice>
      <AllowDiscount>0</AllowDiscount>
      <itemStatus>1</itemStatus>
      <LastUpdateDate />
      <LastUpdateTime />
    </Product>
    <Product>
      <PriceUpdateDate>2015/05/31 11:41</PriceUpdateDate>
      <ItemCode>7290008806985</ItemCode>
      <ItemType>1</ItemType>
      <ItemName>נשנושים שטראוס</ItemName>
      <ManufactureName>גלידות שטראוס בעמ</ManufactureName>
      <ManufactureCountry />
      <ManufactureItemDescription />
      <UnitQty>י"ח</UnitQty>
      <Quantity>630</Quantity>
      <UnitMeasure>ל  גרם</UnitMeasure>
      <BisWeighted>0</BisWeighted>
      <QtyInPackage>1</QtyInPackage>
      <ItemPrice>48.50</ItemPrice>
      <UnitOfMeasurePrice>7.70</UnitOfMeasurePrice>
      <AllowDiscount>0</AllowDiscount>
      <itemStatus>1</itemStatus>
      <LastUpdateDate />
      <LastUpdateTime />
    </Product>
    <Product>
      <PriceUpdateDate>2018/03/28 14:57</PriceUpdateDate>
      <ItemCode>7290010003693</ItemCode>
      <ItemType>1</ItemType>
      <ItemName>פפריקה מתוקה  80ג שקית</ItemName>
      <ManufactureName>א.ל.יצור ושיווקתבלינים בעמ</ManufactureName>
      <ManufactureCountry />
      <ManufactureItemDescription />
      <UnitQty>י"ח</UnitQty>
      <Quantity>80</Quantity>
      <UnitMeasure>ל  גרם</UnitMeasure>
      <BisWeighted>0</BisWeighted>
      <QtyInPackage>1</QtyInPackage>
      <ItemPrice>6.90</ItemPrice>
      <UnitOfMeasurePrice>8.63</UnitOfMeasurePrice>
      <AllowDiscount>0</AllowDiscount>
      <itemStatus>1</itemStatus>
      <LastUpdateDate />
      <LastUpdateTime />
    </Product>
    <Product>
      <PriceUpdateDate>2018/03/28 15:00</PriceUpdateDate>
      <ItemCode>7290010003778</ItemCode>
      <ItemType>1</ItemType>
      <ItemName>תיבול לגריל שקית 80ג</ItemName>
      <ManufactureName>א.ל.יצור ושיווקתבלינים בעמ</ManufactureName>
      <ManufactureCountry />
      <ManufactureItemDescription />
      <UnitQty>י"ח</UnitQty>
      <Quantity>80</Quantity>
      <UnitMeasure>ל  גרם</UnitMeasure>
      <BisWeighted>0</BisWeighted>
      <QtyInPackage>1</QtyInPackage>
      <ItemPrice>6.90</ItemPrice>
      <UnitOfMeasurePrice>8.63</UnitOfMeasurePrice>
      <AllowDiscount>0</AllowDiscount>
      <itemStatus>1</itemStatus>
      <LastUpdateDate />
      <LastUpdateTime />
    </Product>
    <Product>
      <PriceUpdateDate>2018/03/28 14:58</PriceUpdateDate>
      <ItemCode>7290010003792</ItemCode>
      <ItemType>1</ItemType>
      <ItemName>מלח לימון שקית 100ג</ItemName>
      <ManufactureName>א.ל.יצור ושיווקתבלינים בעמ</ManufactureName>
      <ManufactureCountry />
      <ManufactureItemDescription />
      <UnitQty>י"ח</UnitQty>
      <Quantity>100</Quantity>
      <UnitMeasure>ל  גרם</UnitMeasure>
      <BisWeighted>0</BisWeighted>
      <QtyInPackage>1</QtyInPackage>
      <ItemPrice>6.90</ItemPrice>
      <UnitOfMeasurePrice>6.90</UnitOfMeasurePrice>
      <AllowDiscount>0</AllowDiscount>
      <itemStatus>1</itemStatus>
      <LastUpdateDate />
      <LastUpdateTime />
    </Product>
    <Product>
      <PriceUpdateDate>2018/03/28 14:58</PriceUpdateDate>
      <ItemCode>7290010003822</ItemCode>
      <ItemType>1</ItemType>
      <ItemName>פפריקה חריפה שקית 80ג</ItemName>
      <ManufactureName>א.ל.יצור ושיווקתבלינים בעמ</ManufactureName>
      <ManufactureCountry />
      <ManufactureItemDescription />
      <UnitQty>י"ח</UnitQty>
      <Quantity>80</Quantity>
      <UnitMeasure>ל  גרם</UnitMeasure>
      <BisWeighted>0</BisWeighted>
      <QtyInPackage>1</QtyInPackage>
      <ItemPrice>6.90</ItemPrice>
      <UnitOfMeasurePrice>8.63</UnitOfMeasurePrice>
      <AllowDiscount>0</AllowDiscount>
      <itemStatus>1</itemStatus>
      <LastUpdateDate />
      <LastUpdateTime />
    </Product>
    <Product>
      <PriceUpdateDate>2018/03/28 14:59</PriceUpdateDate>
      <ItemCode>7290010003839</ItemCode>
      <ItemType>1</ItemType>
      <ItemName>קינמון טחון  שקית 80ג</ItemName>
      <ManufactureName>א.ל.יצור ושיווקתבלינים בעמ</ManufactureName>
      <ManufactureCountry />
      <ManufactureItemDescription />
      <UnitQty>י"ח</UnitQty>
      <Quantity>80</Quantity>
      <UnitMeasure>ל  גרם</UnitMeasure>
      <BisWeighted>0</BisWeighted>
      <QtyInPackage>1</QtyInPackage>
      <ItemPrice>6.90</ItemPrice>
      <UnitOfMeasurePrice>8.63</UnitOfMeasurePrice>
      <AllowDiscount>0</AllowDiscount>
      <itemStatus>1</itemStatus>
      <LastUpdateDate />
      <LastUpdateTime />
    </Product>
    <Product>
      <PriceUpdateDate>2019/11/05 11:22</PriceUpdateDate>
      <ItemCode>7290010045051</ItemCode>
      <ItemType>1</ItemType>
      <ItemName>עוגיות מלבן שקדים</ItemName>
      <ManufactureName>תה ויסוצקי (ישראל)בעמ</ManufactureName>
      <ManufactureCountry />
      <ManufactureItemDescription />
      <UnitQty>י"ח</UnitQty>
      <Quantity>280</Quantity>
      <UnitMeasure>ל  גרם</UnitMeasure>
      <BisWeighted>0</BisWeighted>
      <QtyInPackage>1</QtyInPackage>
      <ItemPrice>15.90</ItemPrice>
      <UnitOfMeasurePrice>5.68</UnitOfMeasurePrice>
      <AllowDiscount>1</AllowDiscount>
      <itemStatus>1</itemStatus>
      <LastUpdateDate />
      <LastUpdateTime />
    </Product>
    <Product>
      <PriceUpdateDate>2019/11/05 11:22</PriceUpdateDate>
      <ItemCode>7290010045068</ItemCode>
      <ItemType>1</ItemType>
      <ItemName>עוגיות הנסיכה</ItemName>
      <ManufactureName>תה ויסוצקי (ישראל)בעמ</ManufactureName>
      <ManufactureCountry />
      <ManufactureItemDescription />
      <UnitQty>י"ח</UnitQty>
      <Quantity>250</Quantity>
      <UnitMeasure>ל  גרם</UnitMeasure>
      <BisWeighted>0</BisWeighted>
      <QtyInPackage>1</QtyInPackage>
      <ItemPrice>15.90</ItemPrice>
      <UnitOfMeasurePrice>6.36</UnitOfMeasurePrice>
      <AllowDiscount>1</AllowDiscount>
      <itemStatus>1</itemStatus>
      <LastUpdateDate />
      <LastUpdateTime />
    </Product>
    <Product>
      <PriceUpdateDate>2018/02/14 10:06</PriceUpdateDate>
      <ItemCode>7290010051267</ItemCode>
      <ItemType>1</ItemType>
      <ItemName>לוף ארוז</ItemName>
      <ManufactureName>ביכורי הנגב מ.ד בעמ</ManufactureName>
      <ManufactureCountry />
      <ManufactureItemDescription />
      <UnitQty>י"ח</UnitQty>
      <Quantity>1</Quantity>
      <UnitMeasure />
      <BisWeighted>0</BisWeighted>
      <QtyInPackage>1</QtyInPackage>
      <ItemPrice>7.90</ItemPrice>
      <UnitOfMeasurePrice>7.90</UnitOfMeasurePrice>
      <AllowDiscount>0</AllowDiscount>
      <itemStatus>1</itemStatus>
      <LastUpdateDate />
      <LastUpdateTime />
    </Product>
    <Product>
      <PriceUpdateDate>2016/05/10 11:39</PriceUpdateDate>
      <ItemCode>7290010065189</ItemCode>
      <ItemType>1</ItemType>
      <ItemName>ליקוקים שימורים לחיות</ItemName>
      <ManufactureName>גורי מוצרי צריכה בעמ</ManufactureName>
      <ManufactureCountry />
      <ManufactureItemDescription />
      <UnitQty>י"ח</UnitQty>
      <Quantity>415</Quantity>
      <UnitMeasure>ל  גרם</UnitMeasure>
      <BisWeighted>0</BisWeighted>
      <QtyInPackage>1</QtyInPackage>
      <ItemPrice>5.50</ItemPrice>
      <UnitOfMeasurePrice>1.33</UnitOfMeasurePrice>
      <AllowDiscount>0</AllowDiscount>
      <itemStatus>1</itemStatus>
      <LastUpdateDate />
      <LastUpdateTime />
    </Product>
    <Product>
      <PriceUpdateDate>2019/02/20 13:14</PriceUpdateDate>
      <ItemCode>7290010065271</ItemCode>
      <ItemType>1</ItemType>
      <ItemName>פרינוק מחית 130 גרם</ItemName>
      <ManufactureName>גורי מוצרי צריכה בעמ</ManufactureName>
      <ManufactureCountry />
      <ManufactureItemDescription />
      <UnitQty>י"ח</UnitQty>
      <Quantity>130</Quantity>
      <UnitMeasure>ל  גרם</UnitMeasure>
      <BisWeighted>0</BisWeighted>
      <QtyInPackage>1</QtyInPackage>
      <ItemPrice>4.90</ItemPrice>
      <UnitOfMeasurePrice>3.77</UnitOfMeasurePrice>
      <AllowDiscount>0</AllowDiscount>
      <itemStatus>1</itemStatus>
      <LastUpdateDate />
      <LastUpdateTime />
    </Product>
    <Product>
      <PriceUpdateDate>2019/02/20 13:14</PriceUpdateDate>
      <ItemCode>7290010065301</ItemCode>
      <ItemType>1</ItemType>
      <ItemName>פרינוק מחית 130 גרם</ItemName>
      <ManufactureName>גורי מוצרי צריכה בעמ</ManufactureName>
      <ManufactureCountry />
      <ManufactureItemDescription />
      <UnitQty>י"ח</UnitQty>
      <Quantity>130</Quantity>
      <UnitMeasure>ל  גרם</UnitMeasure>
      <BisWeighted>0</BisWeighted>
      <QtyInPackage>1</QtyInPackage>
      <ItemPrice>4.90</ItemPrice>
      <UnitOfMeasurePrice>3.77</UnitOfMeasurePrice>
      <AllowDiscount>0</AllowDiscount>
      <itemStatus>1</itemStatus>
      <LastUpdateDate />
      <LastUpdateTime />
    </Product>
    <Product>
      <PriceUpdateDate>2015/08/26 10:41</PriceUpdateDate>
      <ItemCode>7290010065349</ItemCode>
      <ItemType>1</ItemType>
      <ItemName>פרינוק 190 גרם סלט פירות</ItemName>
      <ManufactureName>גורי מוצרי צריכה בעמ</ManufactureName>
      <ManufactureCountry />
      <ManufactureItemDescription />
      <UnitQty>י"ח</UnitQty>
      <Quantity>190</Quantity>
      <UnitMeasure>ל  גרם</UnitMeasure>
      <BisWeighted>0</BisWeighted>
      <QtyInPackage>1</QtyInPackage>
      <ItemPrice>5.50</ItemPrice>
      <UnitOfMeasurePrice>2.89</UnitOfMeasurePrice>
      <AllowDiscount>0</AllowDiscount>
      <itemStatus>1</itemStatus>
      <LastUpdateDate />
      <LastUpdateTime />
    </Product>
    <Product>
      <PriceUpdateDate>2018/08/08 09:57</PriceUpdateDate>
      <ItemCode>7290010066001</ItemCode>
      <ItemType>1</ItemType>
      <ItemName>נתחי טונה פילטונה 960גרם בשמן</ItemName>
      <ManufactureName>תעשיות פילטונה בעמ</ManufactureName>
      <ManufactureCountry />
      <ManufactureItemDescription />
      <UnitQty>י"ח</UnitQty>
      <Quantity>960</Quantity>
      <UnitMeasure>ל  גרם</UnitMeasure>
      <BisWeighted>0</BisWeighted>
      <QtyInPackage>1</QtyInPackage>
      <ItemPrice>34.90</ItemPrice>
      <UnitOfMeasurePrice>3.64</UnitOfMeasurePrice>
      <AllowDiscount>1</AllowDiscount>
      <itemStatus>1</itemStatus>
      <LastUpdateDate />
      <LastUpdateTime />
    </Product>
    <Product>
      <PriceUpdateDate>2017/01/19 10:03</PriceUpdateDate>
      <ItemCode>7290010066599</ItemCode>
      <ItemType>1</ItemType>
      <ItemName>טונה 4  יח`בשמן זית פילטונה 160 ג`</ItemName>
      <ManufactureName>תעשיות פילטונה בעמ</ManufactureName>
      <ManufactureCountry />
      <ManufactureItemDescription />
      <UnitQty>י"ח</UnitQty>
      <Quantity>640</Quantity>
      <UnitMeasure>ל  גרם</UnitMeasure>
      <BisWeighted>0</BisWeighted>
      <QtyInPackage>1</QtyInPackage>
      <ItemPrice>27.90</ItemPrice>
      <UnitOfMeasurePrice>4.36</UnitOfMeasurePrice>
      <AllowDiscount>0</AllowDiscount>
      <itemStatus>1</itemStatus>
      <LastUpdateDate />
      <LastUpdateTime />
    </Product>
    <Product>
      <PriceUpdateDate>2018/10/18 17:59</PriceUpdateDate>
      <ItemCode>7290010116980</ItemCode>
      <ItemType>1</ItemType>
      <ItemName>שוקולית 850 ג  (שקית)</ItemName>
      <ManufactureName>שטראוס גרופ בעמ</ManufactureName>
      <ManufactureCountry />
      <ManufactureItemDescription />
      <UnitQty>י"ח</UnitQty>
      <Quantity>850</Quantity>
      <UnitMeasure>ל  גרם</UnitMeasure>
      <BisWeighted>0</BisWeighted>
      <QtyInPackage>1</QtyInPackage>
      <ItemPrice>15.80</ItemPrice>
      <UnitOfMeasurePrice>1.86</UnitOfMeasurePrice>
      <AllowDiscount>0</AllowDiscount>
      <itemStatus>1</itemStatus>
      <LastUpdateDate />
      <LastUpdateTime />
    </Product>
    <Product>
      <PriceUpdateDate>2013/12/19 15:24</PriceUpdateDate>
      <ItemCode>7290010117857</ItemCode>
      <ItemType>1</ItemType>
      <ItemName>דוריטוס חריף אש 55גר`</ItemName>
      <ManufactureName>שטראוס פריטו ליי בעמ</ManufactureName>
      <ManufactureCountry />
      <ManufactureItemDescription />
      <UnitQty>י"ח</UnitQty>
      <Quantity>55</Quantity>
      <UnitMeasure>ל  גרם</UnitMeasure>
      <BisWeighted>0</BisWeighted>
      <QtyInPackage>1</QtyInPackage>
      <ItemPrice>2.90</ItemPrice>
      <UnitOfMeasurePrice>5.27</UnitOfMeasurePrice>
      <AllowDiscount>0</AllowDiscount>
      <itemStatus>1</itemStatus>
      <LastUpdateDate />
      <LastUpdateTime />
    </Product>
    <Product>
      <PriceUpdateDate>2020/01/01 10:51</PriceUpdateDate>
      <ItemCode>7290010117864</ItemCode>
      <ItemType>1</ItemType>
      <ItemName>דוריטוס חריף אש 70 גרם</ItemName>
      <ManufactureName>שטראוס פריטו ליי בעמ</ManufactureName>
      <ManufactureCountry />
      <ManufactureItemDescription />
      <UnitQty>י"ח</UnitQty>
      <Quantity>70</Quantity>
      <UnitMeasure>ל  גרם</UnitMeasure>
      <BisWeighted>0</BisWeighted>
      <QtyInPackage>1</QtyInPackage>
      <ItemPrice>3.90</ItemPrice>
      <UnitOfMeasurePrice>5.57</UnitOfMeasurePrice>
      <AllowDiscount>1</AllowDiscount>
      <itemStatus>1</itemStatus>
      <LastUpdateDate />
      <LastUpdateTime />
    </Product>
    <Product>
      <PriceUpdateDate>2019/12/11 09:02</PriceUpdateDate>
      <ItemCode>7290010118328</ItemCode>
      <ItemType>1</ItemType>
      <ItemName>מארז תפוציפס   {40X6(+אקס טבעי 30ג</ItemName>
      <ManufactureName>שטראוס פריטו ליי בעמ</ManufactureName>
      <ManufactureCountry />
      <ManufactureItemDescription />
      <UnitQty>י"ח</UnitQty>
      <Quantity>240</Quantity>
      <UnitMeasure>ל  גרם</UnitMeasure>
      <BisWeighted>0</BisWeighted>
      <QtyInPackage>1</QtyInPackage>
      <ItemPrice>13.90</ItemPrice>
      <UnitOfMeasurePrice>5.79</UnitOfMeasurePrice>
      <AllowDiscount>0</AllowDiscount>
      <itemStatus>1</itemStatus>
      <LastUpdateDate />
      <LastUpdateTime />
    </Product>
    <Product>
      <PriceUpdateDate>2019/06/13 17:12</PriceUpdateDate>
      <ItemCode>7290010124190</ItemCode>
      <ItemType>1</ItemType>
      <ItemName>שניצל בקר מלינסה אל מטאדור 250גר</ItemName>
      <ManufactureName>בלדי בעמ</ManufactureName>
      <ManufactureCountry />
      <ManufactureItemDescription />
      <UnitQty>י"ח</UnitQty>
      <Quantity>250</Quantity>
      <UnitMeasure>ל  גרם</UnitMeasure>
      <BisWeighted>0</BisWeighted>
      <QtyInPackage>1</QtyInPackage>
      <ItemPrice>14.90</ItemPrice>
      <UnitOfMeasurePrice>5.96</UnitOfMeasurePrice>
      <AllowDiscount>0</AllowDiscount>
      <itemStatus>1</itemStatus>
      <LastUpdateDate />
      <LastUpdateTime />
    </Product>
    <Product>
      <PriceUpdateDate>2019/06/13 17:12</PriceUpdateDate>
      <ItemCode>7290010124213</ItemCode>
      <ItemType>1</ItemType>
      <ItemName>סינטה בקר דק דק אל מטאדור 250גר</ItemName>
      <ManufactureName>בלדי בעמ</ManufactureName>
      <ManufactureCountry />
      <ManufactureItemDescription />
      <UnitQty>י"ח</UnitQty>
      <Quantity>250</Quantity>
      <UnitMeasure>ל  גרם</UnitMeasure>
      <BisWeighted>0</BisWeighted>
      <QtyInPackage>1</QtyInPackage>
      <ItemPrice>18.90</ItemPrice>
      <UnitOfMeasurePrice>7.56</UnitOfMeasurePrice>
      <AllowDiscount>1</AllowDiscount>
      <itemStatus>1</itemStatus>
      <LastUpdateDate />
      <LastUpdateTime />
    </Product>
    <Product>
      <PriceUpdateDate>2015/03/06 08:47</PriceUpdateDate>
      <ItemCode>7290010153527</ItemCode>
      <ItemType>1</ItemType>
      <ItemName>ג רש 500 גרם</ItemName>
      <ManufactureName>מיה תעשיות מזון מ.ת.מ בעמ</ManufactureName>
      <ManufactureCountry />
      <ManufactureItemDescription />
      <UnitQty>י"ח</UnitQty>
      <Quantity>500</Quantity>
      <UnitMeasure>ל  גרם</UnitMeasure>
      <BisWeighted>0</BisWeighted>
      <QtyInPackage>1</QtyInPackage>
      <ItemPrice>8.90</ItemPrice>
      <UnitOfMeasurePrice>1.78</UnitOfMeasurePrice>
      <AllowDiscount>0</AllowDiscount>
      <itemStatus>1</itemStatus>
      <LastUpdateDate />
      <LastUpdateTime />
    </Product>
    <Product>
      <PriceUpdateDate>2015/07/13 12:35</PriceUpdateDate>
      <ItemCode>7290010153770</ItemCode>
      <ItemType>1</ItemType>
      <ItemName>ציפוי לשניצל פיקנטי 500 ג`</ItemName>
      <ManufactureName>מיה תעשיות מזון מ.ת.מ בעמ</ManufactureName>
      <ManufactureCountry />
      <ManufactureItemDescription />
      <UnitQty>י"ח</UnitQty>
      <Quantity>500</Quantity>
      <UnitMeasure>ל  גרם</UnitMeasure>
      <BisWeighted>0</BisWeighted>
      <QtyInPackage>1</QtyInPackage>
      <ItemPrice>10.90</ItemPrice>
      <UnitOfMeasurePrice>2.18</UnitOfMeasurePrice>
      <AllowDiscount>0</AllowDiscount>
      <itemStatus>1</itemStatus>
      <LastUpdateDate />
      <LastUpdateTime />
    </Product>
    <Product>
      <PriceUpdateDate>2015/07/13 12:36</PriceUpdateDate>
      <ItemCode>7290010153794</ItemCode>
      <ItemType>1</ItemType>
      <ItemName>ציפוי לשניצל עשבי תיבול 500 ג`</ItemName>
      <ManufactureName>מיה תעשיות מזון מ.ת.מ בעמ</ManufactureName>
      <ManufactureCountry />
      <ManufactureItemDescription />
      <UnitQty>י"ח</UnitQty>
      <Quantity>500</Quantity>
      <UnitMeasure>ל  גרם</UnitMeasure>
      <BisWeighted>0</BisWeighted>
      <QtyInPackage>1</QtyInPackage>
      <ItemPrice>10.90</ItemPrice>
      <UnitOfMeasurePrice>2.18</UnitOfMeasurePrice>
      <AllowDiscount>0</AllowDiscount>
      <itemStatus>1</itemStatus>
      <LastUpdateDate />
      <LastUpdateTime />
    </Product>
    <Product>
      <PriceUpdateDate>2015/07/13 12:37</PriceUpdateDate>
      <ItemCode>7290010153800</ItemCode>
      <ItemType>1</ItemType>
      <ItemName>ציפוי לשניצל תיבול עדין 500 ג`</ItemName>
      <ManufactureName>מיה תעשיות מזון מ.ת.מ בעמ</ManufactureName>
      <ManufactureCountry />
      <ManufactureItemDescription />
      <UnitQty>י"ח</UnitQty>
      <Quantity>500</Quantity>
      <UnitMeasure>ל  גרם</UnitMeasure>
      <BisWeighted>0</BisWeighted>
      <QtyInPackage>1</QtyInPackage>
      <ItemPrice>10.90</ItemPrice>
      <UnitOfMeasurePrice>2.18</UnitOfMeasurePrice>
      <AllowDiscount>0</AllowDiscount>
      <itemStatus>1</itemStatus>
      <LastUpdateDate />
      <LastUpdateTime />
    </Product>
    <Product>
      <PriceUpdateDate>2019/04/15 13:58</PriceUpdateDate>
      <ItemCode>7290010154005</ItemCode>
      <ItemType>1</ItemType>
      <ItemName>סחוג תימני 250 גרם</ItemName>
      <ManufactureName>נטו מלינדה סחר בעמ</ManufactureName>
      <ManufactureCountry />
      <ManufactureItemDescription />
      <UnitQty>י"ח</UnitQty>
      <Quantity>250</Quantity>
      <UnitMeasure>ל  גרם</UnitMeasure>
      <BisWeighted>0</BisWeighted>
      <QtyInPackage>1</QtyInPackage>
      <ItemPrice>14.90</ItemPrice>
      <UnitOfMeasurePrice>5.96</UnitOfMeasurePrice>
      <AllowDiscount>0</AllowDiscount>
      <itemStatus>1</itemStatus>
      <LastUpdateDate />
      <LastUpdateTime />
    </Product>
    <Product>
      <PriceUpdateDate>2019/04/15 13:58</PriceUpdateDate>
      <ItemCode>7290010154012</ItemCode>
      <ItemType>1</ItemType>
      <ItemName>לימון כבוש יוחאי ביטון 250 גרם</ItemName>
      <ManufactureName>נטו מלינדה סחר בעמ</ManufactureName>
      <ManufactureCountry />
      <ManufactureItemDescription />
      <UnitQty>י"ח</UnitQty>
      <Quantity>250</Quantity>
      <UnitMeasure>ל  גרם</UnitMeasure>
      <BisWeighted>0</BisWeighted>
      <QtyInPackage>1</QtyInPackage>
      <ItemPrice>14.90</ItemPrice>
      <UnitOfMeasurePrice>5.96</UnitOfMeasurePrice>
      <AllowDiscount>0</AllowDiscount>
      <itemStatus>1</itemStatus>
      <LastUpdateDate />
      <LastUpdateTime />
    </Product>
    <Product>
      <PriceUpdateDate>2019/04/15 13:58</PriceUpdateDate>
      <ItemCode>7290010154265</ItemCode>
      <ItemType>1</ItemType>
      <ItemName>פלפל צ ומה 250 גרם</ItemName>
      <ManufactureName>נטו מלינדה סחר בעמ</ManufactureName>
      <ManufactureCountry />
      <ManufactureItemDescription />
      <UnitQty>י"ח</UnitQty>
      <Quantity>250</Quantity>
      <UnitMeasure>ל  גרם</UnitMeasure>
      <BisWeighted>0</BisWeighted>
      <QtyInPackage>1</QtyInPackage>
      <ItemPrice>14.90</ItemPrice>
      <UnitOfMeasurePrice>5.96</UnitOfMeasurePrice>
      <AllowDiscount>0</AllowDiscount>
      <itemStatus>1</itemStatus>
      <LastUpdateDate />
      <LastUpdateTime />
    </Product>
    <Product>
      <PriceUpdateDate>2015/06/08 10:20</PriceUpdateDate>
      <ItemCode>7290010154418</ItemCode>
      <ItemType>1</ItemType>
      <ItemName>סחוג אדום 130ג</ItemName>
      <ManufactureName>נטו מלינדה סחר בעמ</ManufactureName>
      <ManufactureCountry />
      <ManufactureItemDescription />
      <UnitQty>י"ח</UnitQty>
      <Quantity>220</Quantity>
      <UnitMeasure>ל  גרם</UnitMeasure>
      <BisWeighted>0</BisWeighted>
      <QtyInPackage>1</QtyInPackage>
      <ItemPrice>9.90</ItemPrice>
      <UnitOfMeasurePrice>4.50</UnitOfMeasurePrice>
      <AllowDiscount>0</AllowDiscount>
      <itemStatus>1</itemStatus>
      <LastUpdateDate />
      <LastUpdateTime />
    </Product>
    <Product>
      <PriceUpdateDate>2019/04/15 13:58</PriceUpdateDate>
      <ItemCode>7290010154548</ItemCode>
      <ItemType>1</ItemType>
      <ItemName>ממרח שום טבעי 235ג</ItemName>
      <ManufactureName>נטו מלינדה סחר בעמ</ManufactureName>
      <ManufactureCountry />
      <ManufactureItemDescription />
      <UnitQty>י"ח</UnitQty>
      <Quantity>235</Quantity>
      <UnitMeasure>ל  גרם</UnitMeasure>
      <BisWeighted>0</BisWeighted>
      <QtyInPackage>1</QtyInPackage>
      <ItemPrice>14.90</ItemPrice>
      <UnitOfMeasurePrice>6.34</UnitOfMeasurePrice>
      <AllowDiscount>0</AllowDiscount>
      <itemStatus>1</itemStatus>
      <LastUpdateDate />
      <LastUpdateTime />
    </Product>
    <Product>
      <PriceUpdateDate>2019/04/15 13:58</PriceUpdateDate>
      <ItemCode>7290010154678</ItemCode>
      <ItemType>1</ItemType>
      <ItemName>אריסה ביתית 250 גר</ItemName>
      <ManufactureName>נטו מלינדה סחר בעמ</ManufactureName>
      <ManufactureCountry />
      <ManufactureItemDescription />
      <UnitQty>י"ח</UnitQty>
      <Quantity>250</Quantity>
      <UnitMeasure>ל  גרם</UnitMeasure>
      <BisWeighted>0</BisWeighted>
      <QtyInPackage>1</QtyInPackage>
      <ItemPrice>14.90</ItemPrice>
      <UnitOfMeasurePrice>5.96</UnitOfMeasurePrice>
      <AllowDiscount>0</AllowDiscount>
      <itemStatus>1</itemStatus>
      <LastUpdateDate />
      <LastUpdateTime />
    </Product>
    <Product>
      <PriceUpdateDate>2019/04/15 13:58</PriceUpdateDate>
      <ItemCode>7290010154685</ItemCode>
      <ItemType>1</ItemType>
      <ItemName>שום כתוש 250ג</ItemName>
      <ManufactureName>נטו מלינדה סחר בעמ</ManufactureName>
      <ManufactureCountry />
      <ManufactureItemDescription />
      <UnitQty>י"ח</UnitQty>
      <Quantity>250</Quantity>
      <UnitMeasure>ל  גרם</UnitMeasure>
      <BisWeighted>0</BisWeighted>
      <QtyInPackage>1</QtyInPackage>
      <ItemPrice>14.90</ItemPrice>
      <UnitOfMeasurePrice>5.96</UnitOfMeasurePrice>
      <AllowDiscount>0</AllowDiscount>
      <itemStatus>1</itemStatus>
      <LastUpdateDate />
      <LastUpdateTime />
    </Product>
    <Product>
      <PriceUpdateDate>2017/03/29 16:03</PriceUpdateDate>
      <ItemCode>7290010173044</ItemCode>
      <ItemType>1</ItemType>
      <ItemName>גליל מרלו</ItemName>
      <ManufactureName>היכל היין שקד גולן בעמ</ManufactureName>
      <ManufactureCountry />
      <ManufactureItemDescription />
      <UnitQty>י"ח</UnitQty>
      <Quantity>750</Quantity>
      <UnitMeasure>ל  מ"ל</UnitMeasure>
      <BisWeighted>0</BisWeighted>
      <QtyInPackage>1</QtyInPackage>
      <ItemPrice>34.90</ItemPrice>
      <UnitOfMeasurePrice>4.61</UnitOfMeasurePrice>
      <AllowDiscount>1</AllowDiscount>
      <itemStatus>1</itemStatus>
      <LastUpdateDate />
      <LastUpdateTime />
    </Product>
    <Product>
      <PriceUpdateDate>2018/12/14 11:34</PriceUpdateDate>
      <ItemCode>7290010237623</ItemCode>
      <ItemType>1</ItemType>
      <ItemName>נשר מאלט 1.5 ליטר</ItemName>
      <ManufactureName>טמפו משקאות בעמ</ManufactureName>
      <ManufactureCountry />
      <ManufactureItemDescription />
      <UnitQty>י"ח</UnitQty>
      <Quantity>1.50</Quantity>
      <UnitMeasure>ליטר</UnitMeasure>
      <BisWeighted>0</BisWeighted>
      <QtyInPackage>1</QtyInPackage>
      <ItemPrice>7</ItemPrice>
      <UnitOfMeasurePrice>4.67</UnitOfMeasurePrice>
      <AllowDiscount>1</AllowDiscount>
      <itemStatus>1</itemStatus>
      <LastUpdateDate />
      <LastUpdateTime />
    </Product>
    <Product>
      <PriceUpdateDate>2015/09/10 09:26</PriceUpdateDate>
      <ItemCode>7290010237685</ItemCode>
      <ItemType>1</ItemType>
      <ItemName>היינקן בירה 330 מ"ל</ItemName>
      <ManufactureName>טמפו משקאות בעמ</ManufactureName>
      <ManufactureCountry />
      <ManufactureItemDescription />
      <UnitQty>י"ח</UnitQty>
      <Quantity>330</Quantity>
      <UnitMeasure>ל  מ"ל</UnitMeasure>
      <BisWeighted>0</BisWeighted>
      <QtyInPackage>1</QtyInPackage>
      <ItemPrice>8.90</ItemPrice>
      <UnitOfMeasurePrice>2.61</UnitOfMeasurePrice>
      <AllowDiscount>1</AllowDiscount>
      <itemStatus>1</itemStatus>
      <LastUpdateDate />
      <LastUpdateTime />
    </Product>
    <Product>
      <PriceUpdateDate>2019/05/27 08:52</PriceUpdateDate>
      <ItemCode>7290010237784</ItemCode>
      <ItemType>1</ItemType>
      <ItemName>שנדי(מכבי)שישייה    לימון 330מ"ל</ItemName>
      <ManufactureName>טמפו משקאות בעמ</ManufactureName>
      <ManufactureCountry />
      <ManufactureItemDescription />
      <UnitQty>י"ח</UnitQty>
      <Quantity>1.98</Quantity>
      <UnitMeasure>ליטר</UnitMeasure>
      <BisWeighted>0</BisWeighted>
      <QtyInPackage>1</QtyInPackage>
      <ItemPrice>35.90</ItemPrice>
      <UnitOfMeasurePrice>17.22</UnitOfMeasurePrice>
      <AllowDiscount>1</AllowDiscount>
      <itemStatus>1</itemStatus>
      <LastUpdateDate />
      <LastUpdateTime />
    </Product>
    <Product>
      <PriceUpdateDate>2019/01/23 14:56</PriceUpdateDate>
      <ItemCode>7290010237890</ItemCode>
      <ItemType>1</ItemType>
      <ItemName>הייניקן 500  מ"ל(חוזר{</ItemName>
      <ManufactureName>טמפו משקאות בעמ</ManufactureName>
      <ManufactureCountry />
      <ManufactureItemDescription />
      <UnitQty>י"ח</UnitQty>
      <Quantity>500</Quantity>
      <UnitMeasure>ל  מ"ל</UnitMeasure>
      <BisWeighted>0</BisWeighted>
      <QtyInPackage>1</QtyInPackage>
      <ItemPrice>8.50</ItemPrice>
      <UnitOfMeasurePrice>1.46</UnitOfMeasurePrice>
      <AllowDiscount>1</AllowDiscount>
      <itemStatus>1</itemStatus>
      <LastUpdateDate />
      <LastUpdateTime />
    </Product>
    <Product>
      <PriceUpdateDate>2013/12/11 11:28</PriceUpdateDate>
      <ItemCode>7290010256310</ItemCode>
      <ItemType>1</ItemType>
      <ItemName>שקיות להכנת קוביות קרח 12יח`</ItemName>
      <ManufactureName>דין שיווק *****</ManufactureName>
      <ManufactureCountry />
      <ManufactureItemDescription />
      <UnitQty>י"ח</UnitQty>
      <Quantity>12</Quantity>
      <UnitMeasure>י"ח</UnitMeasure>
      <BisWeighted>0</BisWeighted>
      <QtyInPackage>1</QtyInPackage>
      <ItemPrice>3.50</ItemPrice>
      <UnitOfMeasurePrice>0.29</UnitOfMeasurePrice>
      <AllowDiscount>0</AllowDiscount>
      <itemStatus>1</itemStatus>
      <LastUpdateDate />
      <LastUpdateTime />
    </Product>
    <Product>
      <PriceUpdateDate>2014/05/13 18:19</PriceUpdateDate>
      <ItemCode>7290010256655</ItemCode>
      <ItemType>1</ItemType>
      <ItemName>תבנית לעוגה אינגליש P.L</ItemName>
      <ManufactureName>דין שיווק *****</ManufactureName>
      <ManufactureCountry />
      <ManufactureItemDescription />
      <UnitQty>י"ח</UnitQty>
      <Quantity>1</Quantity>
      <UnitMeasure>י"ח</UnitMeasure>
      <BisWeighted>0</BisWeighted>
      <QtyInPackage>1</QtyInPackage>
      <ItemPrice>5.30</ItemPrice>
      <UnitOfMeasurePrice>5.30</UnitOfMeasurePrice>
      <AllowDiscount>1</AllowDiscount>
      <itemStatus>1</itemStatus>
      <LastUpdateDate />
      <LastUpdateTime />
    </Product>
    <Product>
      <PriceUpdateDate>2014/05/13 18:19</PriceUpdateDate>
      <ItemCode>7290010256693</ItemCode>
      <ItemType>1</ItemType>
      <ItemName>מגשיות אלומיניום המותג</ItemName>
      <ManufactureName>דין שיווק *****</ManufactureName>
      <ManufactureCountry />
      <ManufactureItemDescription />
      <UnitQty>י"ח</UnitQty>
      <Quantity>1</Quantity>
      <UnitMeasure>י"ח</UnitMeasure>
      <BisWeighted>0</BisWeighted>
      <QtyInPackage>1</QtyInPackage>
      <ItemPrice>5.30</ItemPrice>
      <UnitOfMeasurePrice>5.30</UnitOfMeasurePrice>
      <AllowDiscount>1</AllowDiscount>
      <itemStatus>1</itemStatus>
      <LastUpdateDate />
      <LastUpdateTime />
    </Product>
    <Product>
      <PriceUpdateDate>2014/05/13 18:19</PriceUpdateDate>
      <ItemCode>7290010256716</ItemCode>
      <ItemType>1</ItemType>
      <ItemName>מגשיות 3 יח  המותג</ItemName>
      <ManufactureName>דין שיווק *****</ManufactureName>
      <ManufactureCountry />
      <ManufactureItemDescription />
      <UnitQty>י"ח</UnitQty>
      <Quantity>3</Quantity>
      <UnitMeasure>י"ח</UnitMeasure>
      <BisWeighted>0</BisWeighted>
      <QtyInPackage>1</QtyInPackage>
      <ItemPrice>5.30</ItemPrice>
      <UnitOfMeasurePrice>1.77</UnitOfMeasurePrice>
      <AllowDiscount>1</AllowDiscount>
      <itemStatus>1</itemStatus>
      <LastUpdateDate />
      <LastUpdateTime />
    </Product>
    <Product>
      <PriceUpdateDate>2014/05/13 18:19</PriceUpdateDate>
      <ItemCode>7290010256747</ItemCode>
      <ItemType>1</ItemType>
      <ItemName>מגשיות 6 יח  לטוסטר המותג</ItemName>
      <ManufactureName>דין שיווק *****</ManufactureName>
      <ManufactureCountry />
      <ManufactureItemDescription />
      <UnitQty>י"ח</UnitQty>
      <Quantity>6</Quantity>
      <UnitMeasure>י"ח</UnitMeasure>
      <BisWeighted>0</BisWeighted>
      <QtyInPackage>1</QtyInPackage>
      <ItemPrice>5.30</ItemPrice>
      <UnitOfMeasurePrice>0.88</UnitOfMeasurePrice>
      <AllowDiscount>1</AllowDiscount>
      <itemStatus>1</itemStatus>
      <LastUpdateDate />
      <LastUpdateTime />
    </Product>
    <Product>
      <PriceUpdateDate>2019/06/23 09:31</PriceUpdateDate>
      <ItemCode>7290010259311</ItemCode>
      <ItemType>1</ItemType>
      <ItemName>מי קוקוס 400 גרם]וויליפו</ItemName>
      <ManufactureName>ג.וילי פוד אינטרנשיונל בעמ</ManufactureName>
      <ManufactureCountry />
      <ManufactureItemDescription />
      <UnitQty>י"ח</UnitQty>
      <Quantity>360</Quantity>
      <UnitMeasure>ל  גרם</UnitMeasure>
      <BisWeighted>0</BisWeighted>
      <QtyInPackage>1</QtyInPackage>
      <ItemPrice>5.90</ItemPrice>
      <UnitOfMeasurePrice>1.64</UnitOfMeasurePrice>
      <AllowDiscount>0</AllowDiscount>
      <itemStatus>1</itemStatus>
      <LastUpdateDate />
      <LastUpdateTime />
    </Product>
    <Product>
      <PriceUpdateDate>2016/05/19 10:59</PriceUpdateDate>
      <ItemCode>7290010259366</ItemCode>
      <ItemType>1</ItemType>
      <ItemName>נודלס אטריות מסולסל 200 ג</ItemName>
      <ManufactureName>ג.וילי פוד אינטרנשיונל בעמ</ManufactureName>
      <ManufactureCountry />
      <ManufactureItemDescription />
      <UnitQty>י"ח</UnitQty>
      <Quantity>200</Quantity>
      <UnitMeasure>ל  גרם</UnitMeasure>
      <BisWeighted>0</BisWeighted>
      <QtyInPackage>1</QtyInPackage>
      <ItemPrice>3.30</ItemPrice>
      <UnitOfMeasurePrice>1.65</UnitOfMeasurePrice>
      <AllowDiscount>1</AllowDiscount>
      <itemStatus>1</itemStatus>
      <LastUpdateDate />
      <LastUpdateTime />
    </Product>
    <Product>
      <PriceUpdateDate>2017/03/05 08:45</PriceUpdateDate>
      <ItemCode>7290010259823</ItemCode>
      <ItemType>1</ItemType>
      <ItemName>מנת השף מרק עם נודלס</ItemName>
      <ManufactureName>ג.וילי פוד אינטרנשיונל בעמ</ManufactureName>
      <ManufactureCountry />
      <ManufactureItemDescription />
      <UnitQty>י"ח</UnitQty>
      <Quantity>70</Quantity>
      <UnitMeasure>ל  גרם</UnitMeasure>
      <BisWeighted>0</BisWeighted>
      <QtyInPackage>1</QtyInPackage>
      <ItemPrice>4.90</ItemPrice>
      <UnitOfMeasurePrice>7</UnitOfMeasurePrice>
      <AllowDiscount>1</AllowDiscount>
      <itemStatus>1</itemStatus>
      <LastUpdateDate />
      <LastUpdateTime />
    </Product>
    <Product>
      <PriceUpdateDate>2017/03/05 08:45</PriceUpdateDate>
      <ItemCode>7290010259830</ItemCode>
      <ItemType>1</ItemType>
      <ItemName>מנת השף מרק עם נודלס</ItemName>
      <ManufactureName>ג.וילי פוד אינטרנשיונל בעמ</ManufactureName>
      <ManufactureCountry />
      <ManufactureItemDescription />
      <UnitQty>י"ח</UnitQty>
      <Quantity>70</Quantity>
      <UnitMeasure>ל  גרם</UnitMeasure>
      <BisWeighted>0</BisWeighted>
      <QtyInPackage>1</QtyInPackage>
      <ItemPrice>4.90</ItemPrice>
      <UnitOfMeasurePrice>7</UnitOfMeasurePrice>
      <AllowDiscount>1</AllowDiscount>
      <itemStatus>1</itemStatus>
      <LastUpdateDate />
      <LastUpdateTime />
    </Product>
    <Product>
      <PriceUpdateDate>2017/03/05 08:45</PriceUpdateDate>
      <ItemCode>7290010259854</ItemCode>
      <ItemType>1</ItemType>
      <ItemName>מנת השף מרק עם נודלס</ItemName>
      <ManufactureName>ג.וילי פוד אינטרנשיונל בעמ</ManufactureName>
      <ManufactureCountry />
      <ManufactureItemDescription />
      <UnitQty>י"ח</UnitQty>
      <Quantity>70</Quantity>
      <UnitMeasure>ל  גרם</UnitMeasure>
      <BisWeighted>0</BisWeighted>
      <QtyInPackage>1</QtyInPackage>
      <ItemPrice>4.90</ItemPrice>
      <UnitOfMeasurePrice>7</UnitOfMeasurePrice>
      <AllowDiscount>1</AllowDiscount>
      <itemStatus>1</itemStatus>
      <LastUpdateDate />
      <LastUpdateTime />
    </Product>
    <Product>
      <PriceUpdateDate>2017/03/05 08:45</PriceUpdateDate>
      <ItemCode>7290010259861</ItemCode>
      <ItemType>1</ItemType>
      <ItemName>מנת השף מרק עם נודלס</ItemName>
      <ManufactureName>ג.וילי פוד אינטרנשיונל בעמ</ManufactureName>
      <ManufactureCountry />
      <ManufactureItemDescription />
      <UnitQty>י"ח</UnitQty>
      <Quantity>70</Quantity>
      <UnitMeasure>ל  גרם</UnitMeasure>
      <BisWeighted>0</BisWeighted>
      <QtyInPackage>1</QtyInPackage>
      <ItemPrice>4.90</ItemPrice>
      <UnitOfMeasurePrice>7</UnitOfMeasurePrice>
      <AllowDiscount>1</AllowDiscount>
      <itemStatus>1</itemStatus>
      <LastUpdateDate />
      <LastUpdateTime />
    </Product>
    <Product>
      <PriceUpdateDate>2016/03/07 19:19</PriceUpdateDate>
      <ItemCode>7290010259892</ItemCode>
      <ItemType>1</ItemType>
      <ItemName>מרגרינה ללא מלח 200גר</ItemName>
      <ManufactureName>ג.וילי פוד אינטרנשיונל בעמ</ManufactureName>
      <ManufactureCountry />
      <ManufactureItemDescription />
      <UnitQty>י"ח</UnitQty>
      <Quantity>200</Quantity>
      <UnitMeasure>ל  גרם</UnitMeasure>
      <BisWeighted>0</BisWeighted>
      <QtyInPackage>1</QtyInPackage>
      <ItemPrice>2.90</ItemPrice>
      <UnitOfMeasurePrice>1.45</UnitOfMeasurePrice>
      <AllowDiscount>0</AllowDiscount>
      <itemStatus>1</itemStatus>
      <LastUpdateDate />
      <LastUpdateTime />
    </Product>
    <Product>
      <PriceUpdateDate>2019/12/17 08:42</PriceUpdateDate>
      <ItemCode>7290010300594</ItemCode>
      <ItemType>1</ItemType>
      <ItemName>ג לטין בקופסא נאמן</ItemName>
      <ManufactureName>נאמן לאורך זמן בעמ</ManufactureName>
      <ManufactureCountry />
      <ManufactureItemDescription />
      <UnitQty>י"ח</UnitQty>
      <Quantity>28</Quantity>
      <UnitMeasure>ל  גרם</UnitMeasure>
      <BisWeighted>0</BisWeighted>
      <QtyInPackage>1</QtyInPackage>
      <ItemPrice>10.90</ItemPrice>
      <UnitOfMeasurePrice>38.93</UnitOfMeasurePrice>
      <AllowDiscount>0</AllowDiscount>
      <itemStatus>1</itemStatus>
      <LastUpdateDate />
      <LastUpdateTime />
    </Product>
    <Product>
      <PriceUpdateDate>2016/01/04 18:54</PriceUpdateDate>
      <ItemCode>7290010300860</ItemCode>
      <ItemType>1</ItemType>
      <ItemName>אציטון 100 גר</ItemName>
      <ManufactureName>נאמן לאורך זמן בעמ</ManufactureName>
      <ManufactureCountry />
      <ManufactureItemDescription />
      <UnitQty>י"ח</UnitQty>
      <Quantity>100</Quantity>
      <UnitMeasure>ל  מ"ל</UnitMeasure>
      <BisWeighted>0</BisWeighted>
      <QtyInPackage>1</QtyInPackage>
      <ItemPrice>3.90</ItemPrice>
      <UnitOfMeasurePrice>3.90</UnitOfMeasurePrice>
      <AllowDiscount>0</AllowDiscount>
      <itemStatus>1</itemStatus>
      <LastUpdateDate />
      <LastUpdateTime />
    </Product>
    <Product>
      <PriceUpdateDate>2019/05/21 12:35</PriceUpdateDate>
      <ItemCode>7290010328093</ItemCode>
      <ItemType>1</ItemType>
      <ItemName>ממרח חלווה 400 גרם</ItemName>
      <ManufactureName>אחדות בעמ</ManufactureName>
      <ManufactureCountry />
      <ManufactureItemDescription />
      <UnitQty>י"ח</UnitQty>
      <Quantity>400</Quantity>
      <UnitMeasure>ל  גרם</UnitMeasure>
      <BisWeighted>0</BisWeighted>
      <QtyInPackage>1</QtyInPackage>
      <ItemPrice>11.90</ItemPrice>
      <UnitOfMeasurePrice>2.98</UnitOfMeasurePrice>
      <AllowDiscount>0</AllowDiscount>
      <itemStatus>1</itemStatus>
      <LastUpdateDate />
      <LastUpdateTime />
    </Product>
    <Product>
      <PriceUpdateDate>2013/11/26 09:30</PriceUpdateDate>
      <ItemCode>7290010328239</ItemCode>
      <ItemType>1</ItemType>
      <ItemName>טחינה מתובלת 500 גרם</ItemName>
      <ManufactureName>אחדות בעמ</ManufactureName>
      <ManufactureCountry />
      <ManufactureItemDescription />
      <UnitQty>י"ח</UnitQty>
      <Quantity>500</Quantity>
      <UnitMeasure>ל  גרם</UnitMeasure>
      <BisWeighted>0</BisWeighted>
      <QtyInPackage>1</QtyInPackage>
      <ItemPrice>14.90</ItemPrice>
      <UnitOfMeasurePrice>2.98</UnitOfMeasurePrice>
      <AllowDiscount>0</AllowDiscount>
      <itemStatus>1</itemStatus>
      <LastUpdateDate />
      <LastUpdateTime />
    </Product>
    <Product>
      <PriceUpdateDate>2013/11/26 09:19</PriceUpdateDate>
      <ItemCode>7290010328246</ItemCode>
      <ItemType>1</ItemType>
      <ItemName>טחינה  אחווה שומשום מלא 500 ג`</ItemName>
      <ManufactureName>אחדות בעמ</ManufactureName>
      <ManufactureCountry />
      <ManufactureItemDescription />
      <UnitQty>י"ח</UnitQty>
      <Quantity>500</Quantity>
      <UnitMeasure>ל  גרם</UnitMeasure>
      <BisWeighted>0</BisWeighted>
      <QtyInPackage>1</QtyInPackage>
      <ItemPrice>12.90</ItemPrice>
      <UnitOfMeasurePrice>2.58</UnitOfMeasurePrice>
      <AllowDiscount>1</AllowDiscount>
      <itemStatus>1</itemStatus>
      <LastUpdateDate />
      <LastUpdateTime />
    </Product>
    <Product>
      <PriceUpdateDate>2013/11/26 09:30</PriceUpdateDate>
      <ItemCode>7290010328253</ItemCode>
      <ItemType>1</ItemType>
      <ItemName>טחינה גולמית אחווה 500גר</ItemName>
      <ManufactureName>אחדות בעמ</ManufactureName>
      <ManufactureCountry />
      <ManufactureItemDescription />
      <UnitQty>י"ח</UnitQty>
      <Quantity>500</Quantity>
      <UnitMeasure>ל  גרם</UnitMeasure>
      <BisWeighted>0</BisWeighted>
      <QtyInPackage>1</QtyInPackage>
      <ItemPrice>12.90</ItemPrice>
      <UnitOfMeasurePrice>2.58</UnitOfMeasurePrice>
      <AllowDiscount>1</AllowDiscount>
      <itemStatus>1</itemStatus>
      <LastUpdateDate />
      <LastUpdateTime />
    </Product>
    <Product>
      <PriceUpdateDate>2015/09/02 10:18</PriceUpdateDate>
      <ItemCode>7290010328468</ItemCode>
      <ItemType>1</ItemType>
      <ItemName>חטיף מיני  חלבה  18יח</ItemName>
      <ManufactureName>אחדות בעמ</ManufactureName>
      <ManufactureCountry />
      <ManufactureItemDescription />
      <UnitQty>י"ח</UnitQty>
      <Quantity>18</Quantity>
      <UnitMeasure>י"ח</UnitMeasure>
      <BisWeighted>0</BisWeighted>
      <QtyInPackage>1</QtyInPackage>
      <ItemPrice>8.90</ItemPrice>
      <UnitOfMeasurePrice>0.49</UnitOfMeasurePrice>
      <AllowDiscount>0</AllowDiscount>
      <itemStatus>1</itemStatus>
      <LastUpdateDate />
      <LastUpdateTime />
    </Product>
    <Product>
      <PriceUpdateDate>2015/09/02 10:18</PriceUpdateDate>
      <ItemCode>7290010328505</ItemCode>
      <ItemType>1</ItemType>
      <ItemName>חטיף מיני  חלבה  ללא סוכר 12יח</ItemName>
      <ManufactureName>אחדות בעמ</ManufactureName>
      <ManufactureCountry />
      <ManufactureItemDescription />
      <UnitQty>י"ח</UnitQty>
      <Quantity>12</Quantity>
      <UnitMeasure>י"ח</UnitMeasure>
      <BisWeighted>0</BisWeighted>
      <QtyInPackage>1</QtyInPackage>
      <ItemPrice>8.90</ItemPrice>
      <UnitOfMeasurePrice>0.74</UnitOfMeasurePrice>
      <AllowDiscount>0</AllowDiscount>
      <itemStatus>1</itemStatus>
      <LastUpdateDate />
      <LastUpdateTime />
    </Product>
    <Product>
      <PriceUpdateDate>2015/02/15 11:44</PriceUpdateDate>
      <ItemCode>7290010328604</ItemCode>
      <ItemType>1</ItemType>
      <ItemName>פינגרס טיף חלווה עם פיסטוק  126ג</ItemName>
      <ManufactureName>אחדות בעמ</ManufactureName>
      <ManufactureCountry />
      <ManufactureItemDescription />
      <UnitQty>י"ח</UnitQty>
      <Quantity>126</Quantity>
      <UnitMeasure>ל  גרם</UnitMeasure>
      <BisWeighted>0</BisWeighted>
      <QtyInPackage>1</QtyInPackage>
      <ItemPrice>8.90</ItemPrice>
      <UnitOfMeasurePrice>7.06</UnitOfMeasurePrice>
      <AllowDiscount>0</AllowDiscount>
      <itemStatus>1</itemStatus>
      <LastUpdateDate />
      <LastUpdateTime />
    </Product>
    <Product>
      <PriceUpdateDate>2018/07/22 15:01</PriceUpdateDate>
      <ItemCode>7290010328680</ItemCode>
      <ItemType>1</ItemType>
      <ItemName>עוגת אחוה שוקולד עם שוקוציפס 450ג</ItemName>
      <ManufactureName>אחדות בעמ</ManufactureName>
      <ManufactureCountry />
      <ManufactureItemDescription />
      <UnitQty>י"ח</UnitQty>
      <Quantity>450</Quantity>
      <UnitMeasure>ל  גרם</UnitMeasure>
      <BisWeighted>0</BisWeighted>
      <QtyInPackage>1</QtyInPackage>
      <ItemPrice>9.90</ItemPrice>
      <UnitOfMeasurePrice>2.20</UnitOfMeasurePrice>
      <AllowDiscount>0</AllowDiscount>
      <itemStatus>1</itemStatus>
      <LastUpdateDate />
      <LastUpdateTime />
    </Product>
    <Product>
      <PriceUpdateDate>2019/05/21 12:35</PriceUpdateDate>
      <ItemCode>7290010328734</ItemCode>
      <ItemType>1</ItemType>
      <ItemName>ממרח טחינה עם סילאן 400ג</ItemName>
      <ManufactureName>אחדות בעמ</ManufactureName>
      <ManufactureCountry />
      <ManufactureItemDescription />
      <UnitQty>י"ח</UnitQty>
      <Quantity>400</Quantity>
      <UnitMeasure>ל  גרם</UnitMeasure>
      <BisWeighted>0</BisWeighted>
      <QtyInPackage>1</QtyInPackage>
      <ItemPrice>11.90</ItemPrice>
      <UnitOfMeasurePrice>2.98</UnitOfMeasurePrice>
      <AllowDiscount>0</AllowDiscount>
      <itemStatus>1</itemStatus>
      <LastUpdateDate />
      <LastUpdateTime />
    </Product>
    <Product>
      <PriceUpdateDate>2019/05/21 12:35</PriceUpdateDate>
      <ItemCode>7290010328819</ItemCode>
      <ItemType>1</ItemType>
      <ItemName>ממרח טחינה עם שוקולד ללא סוכר 400ג</ItemName>
      <ManufactureName>אחדות בעמ</ManufactureName>
      <ManufactureCountry />
      <ManufactureItemDescription />
      <UnitQty>י"ח</UnitQty>
      <Quantity>400</Quantity>
      <UnitMeasure>ל  גרם</UnitMeasure>
      <BisWeighted>0</BisWeighted>
      <QtyInPackage>1</QtyInPackage>
      <ItemPrice>11.90</ItemPrice>
      <UnitOfMeasurePrice>2.98</UnitOfMeasurePrice>
      <AllowDiscount>0</AllowDiscount>
      <itemStatus>1</itemStatus>
      <LastUpdateDate />
      <LastUpdateTime />
    </Product>
    <Product>
      <PriceUpdateDate>2019/12/09 14:25</PriceUpdateDate>
      <ItemCode>7290010429554</ItemCode>
      <ItemType>1</ItemType>
      <ItemName>שמן זית יד מרדכי כתית 750 מ"ל</ItemName>
      <ManufactureName>שטראוס גרופ בעמ</ManufactureName>
      <ManufactureCountry />
      <ManufactureItemDescription />
      <UnitQty>י"ח</UnitQty>
      <Quantity>750</Quantity>
      <UnitMeasure>ל  מ"ל</UnitMeasure>
      <BisWeighted>0</BisWeighted>
      <QtyInPackage>1</QtyInPackage>
      <ItemPrice>33.90</ItemPrice>
      <UnitOfMeasurePrice>4.52</UnitOfMeasurePrice>
      <AllowDiscount>1</AllowDiscount>
      <itemStatus>1</itemStatus>
      <LastUpdateDate />
      <LastUpdateTime />
    </Product>
    <Product>
      <PriceUpdateDate>2015/12/13 16:10</PriceUpdateDate>
      <ItemCode>7290010429684</ItemCode>
      <ItemType>1</ItemType>
      <ItemName>מארז 2 דבשים 350 ג כשל"פ</ItemName>
      <ManufactureName>שטראוס גרופ בעמ</ManufactureName>
      <ManufactureCountry />
      <ManufactureItemDescription />
      <UnitQty>י"ח</UnitQty>
      <Quantity>700</Quantity>
      <UnitMeasure>ל  גרם</UnitMeasure>
      <BisWeighted>0</BisWeighted>
      <QtyInPackage>1</QtyInPackage>
      <ItemPrice>34.90</ItemPrice>
      <UnitOfMeasurePrice>4.99</UnitOfMeasurePrice>
      <AllowDiscount>0</AllowDiscount>
      <itemStatus>1</itemStatus>
      <LastUpdateDate />
      <LastUpdateTime />
    </Product>
    <Product>
      <PriceUpdateDate>2014/12/31 15:24</PriceUpdateDate>
      <ItemCode>7290010471669</ItemCode>
      <ItemType>1</ItemType>
      <ItemName>דנונה בר קורנפלקס מצופה</ItemName>
      <ManufactureName>שטראוס גרופ ***בעמ</ManufactureName>
      <ManufactureCountry />
      <ManufactureItemDescription />
      <UnitQty>י"ח</UnitQty>
      <Quantity>175</Quantity>
      <UnitMeasure>ל  מ"ל</UnitMeasure>
      <BisWeighted>0</BisWeighted>
      <QtyInPackage>1</QtyInPackage>
      <ItemPrice>4.60</ItemPrice>
      <UnitOfMeasurePrice>2.63</UnitOfMeasurePrice>
      <AllowDiscount>0</AllowDiscount>
      <itemStatus>1</itemStatus>
      <LastUpdateDate />
      <LastUpdateTime />
    </Product>
    <Product>
      <PriceUpdateDate>2014/12/31 15:25</PriceUpdateDate>
      <ItemCode>7290010472307</ItemCode>
      <ItemType>1</ItemType>
      <ItemName>גמדים לשתייה תות בננה 8</ItemName>
      <ManufactureName>שטראוס גרופ ***בעמ</ManufactureName>
      <ManufactureCountry />
      <ManufactureItemDescription />
      <UnitQty>י"ח</UnitQty>
      <Quantity>800</Quantity>
      <UnitMeasure>ל  מ"ל</UnitMeasure>
      <BisWeighted>0</BisWeighted>
      <QtyInPackage>1</QtyInPackage>
      <ItemPrice>20.90</ItemPrice>
      <UnitOfMeasurePrice>2.61</UnitOfMeasurePrice>
      <AllowDiscount>1</AllowDiscount>
      <itemStatus>1</itemStatus>
      <LastUpdateDate />
      <LastUpdateTime />
    </Product>
    <Product>
      <PriceUpdateDate>2014/08/11 08:37</PriceUpdateDate>
      <ItemCode>7290010472390</ItemCode>
      <ItemType>1</ItemType>
      <ItemName>מארז שמינייה דני שוקולד רובין כשל"פ</ItemName>
      <ManufactureName>שטראוס גרופ ***בעמ</ManufactureName>
      <ManufactureCountry />
      <ManufactureItemDescription />
      <UnitQty>י"ח</UnitQty>
      <Quantity>1</Quantity>
      <UnitMeasure>ליטר</UnitMeasure>
      <BisWeighted>0</BisWeighted>
      <QtyInPackage>1</QtyInPackage>
      <ItemPrice>16.90</ItemPrice>
      <UnitOfMeasurePrice>16.90</UnitOfMeasurePrice>
      <AllowDiscount>0</AllowDiscount>
      <itemStatus>1</itemStatus>
      <LastUpdateDate />
      <LastUpdateTime />
    </Product>
    <Product>
      <PriceUpdateDate>2019/04/04 11:17</PriceUpdateDate>
      <ItemCode>7290010513703</ItemCode>
      <ItemType>1</ItemType>
      <ItemName>צ`ופסטיקס צפצפה 20 יח</ItemName>
      <ManufactureName>מזרח ומערב יבוא ושיווק</ManufactureName>
      <ManufactureCountry />
      <ManufactureItemDescription />
      <UnitQty>י"ח</UnitQty>
      <Quantity>20</Quantity>
      <UnitMeasure>י"ח</UnitMeasure>
      <BisWeighted>0</BisWeighted>
      <QtyInPackage>1</QtyInPackage>
      <ItemPrice>6.90</ItemPrice>
      <UnitOfMeasurePrice>0.35</UnitOfMeasurePrice>
      <AllowDiscount>0</AllowDiscount>
      <itemStatus>1</itemStatus>
      <LastUpdateDate />
      <LastUpdateTime />
    </Product>
    <Product>
      <PriceUpdateDate>2019/04/04 11:17</PriceUpdateDate>
      <ItemCode>7290010513727</ItemCode>
      <ItemType>1</ItemType>
      <ItemName>פנקו פרורי לחם וומטרי 200גרם</ItemName>
      <ManufactureName>מזרח ומערב יבוא ושיווק</ManufactureName>
      <ManufactureCountry />
      <ManufactureItemDescription />
      <UnitQty>י"ח</UnitQty>
      <Quantity>200</Quantity>
      <UnitMeasure>ל  גרם</UnitMeasure>
      <BisWeighted>0</BisWeighted>
      <QtyInPackage>1</QtyInPackage>
      <ItemPrice>7.90</ItemPrice>
      <UnitOfMeasurePrice>3.95</UnitOfMeasurePrice>
      <AllowDiscount>1</AllowDiscount>
      <itemStatus>1</itemStatus>
      <LastUpdateDate />
      <LastUpdateTime />
    </Product>
    <Product>
      <PriceUpdateDate>2015/02/26 15:50</PriceUpdateDate>
      <ItemCode>7290010609727</ItemCode>
      <ItemType>1</ItemType>
      <ItemName>פופסים  קידס 70 יח</ItemName>
      <ManufactureName>דודו הדיל בעמ</ManufactureName>
      <ManufactureCountry />
      <ManufactureItemDescription />
      <UnitQty>י"ח</UnitQty>
      <Quantity>1</Quantity>
      <UnitMeasure />
      <BisWeighted>0</BisWeighted>
      <QtyInPackage>1</QtyInPackage>
      <ItemPrice>10</ItemPrice>
      <UnitOfMeasurePrice>10</UnitOfMeasurePrice>
      <AllowDiscount>1</AllowDiscount>
      <itemStatus>1</itemStatus>
      <LastUpdateDate />
      <LastUpdateTime />
    </Product>
    <Product>
      <PriceUpdateDate>2014/01/09 09:39</PriceUpdateDate>
      <ItemCode>7290010609734</ItemCode>
      <ItemType>1</ItemType>
      <ItemName>אייס לי שלוקים שמינייה..</ItemName>
      <ManufactureName>דודו הדיל בעמ</ManufactureName>
      <ManufactureCountry />
      <ManufactureItemDescription />
      <UnitQty>י"ח</UnitQty>
      <Quantity>8</Quantity>
      <UnitMeasure>י"ח</UnitMeasure>
      <BisWeighted>0</BisWeighted>
      <QtyInPackage>1</QtyInPackage>
      <ItemPrice>5</ItemPrice>
      <UnitOfMeasurePrice>0.63</UnitOfMeasurePrice>
      <AllowDiscount>1</AllowDiscount>
      <itemStatus>1</itemStatus>
      <LastUpdateDate />
      <LastUpdateTime />
    </Product>
    <Product>
      <PriceUpdateDate>2018/06/10 14:05</PriceUpdateDate>
      <ItemCode>7290010609871</ItemCode>
      <ItemType>1</ItemType>
      <ItemName>מארז טרופיקס 18 יח</ItemName>
      <ManufactureName>דודו הדיל בעמ</ManufactureName>
      <ManufactureCountry />
      <ManufactureItemDescription />
      <UnitQty>י"ח</UnitQty>
      <Quantity>40</Quantity>
      <UnitMeasure>י"ח</UnitMeasure>
      <BisWeighted>0</BisWeighted>
      <QtyInPackage>1</QtyInPackage>
      <ItemPrice>13.90</ItemPrice>
      <UnitOfMeasurePrice>0.35</UnitOfMeasurePrice>
      <AllowDiscount>1</AllowDiscount>
      <itemStatus>1</itemStatus>
      <LastUpdateDate />
      <LastUpdateTime />
    </Product>
    <Product>
      <PriceUpdateDate>2015/01/14 10:14</PriceUpdateDate>
      <ItemCode>7290010613663</ItemCode>
      <ItemType>1</ItemType>
      <ItemName>שמפו רצפות 4 ל  המותג</ItemName>
      <ManufactureName>סאסאטק אגשח בעמ</ManufactureName>
      <ManufactureCountry />
      <ManufactureItemDescription />
      <UnitQty>י"ח</UnitQty>
      <Quantity>4</Quantity>
      <UnitMeasure>ליטר</UnitMeasure>
      <BisWeighted>0</BisWeighted>
      <QtyInPackage>1</QtyInPackage>
      <ItemPrice>10.90</ItemPrice>
      <UnitOfMeasurePrice>2.73</UnitOfMeasurePrice>
      <AllowDiscount>1</AllowDiscount>
      <itemStatus>1</itemStatus>
      <LastUpdateDate />
      <LastUpdateTime />
    </Product>
    <Product>
      <PriceUpdateDate>2017/02/01 12:33</PriceUpdateDate>
      <ItemCode>7290010613670</ItemCode>
      <ItemType>1</ItemType>
      <ItemName>מרכך כביסה לבן 4 ל  המותג</ItemName>
      <ManufactureName>סאסאטק אגשח בעמ</ManufactureName>
      <ManufactureCountry />
      <ManufactureItemDescription />
      <UnitQty>י"ח</UnitQty>
      <Quantity>4</Quantity>
      <UnitMeasure>ליטר</UnitMeasure>
      <BisWeighted>0</BisWeighted>
      <QtyInPackage>1</QtyInPackage>
      <ItemPrice>16.90</ItemPrice>
      <UnitOfMeasurePrice>4.23</UnitOfMeasurePrice>
      <AllowDiscount>1</AllowDiscount>
      <itemStatus>1</itemStatus>
      <LastUpdateDate />
      <LastUpdateTime />
    </Product>
    <Product>
      <PriceUpdateDate>2019/06/30 07:34</PriceUpdateDate>
      <ItemCode>7290010627011</ItemCode>
      <ItemType>1</ItemType>
      <ItemName>טחינה ירושלים 1ק"ג</ItemName>
      <ManufactureName>תה ויסוצקי (ישראל)בעמ</ManufactureName>
      <ManufactureCountry />
      <ManufactureItemDescription />
      <UnitQty>י"ח</UnitQty>
      <Quantity>1</Quantity>
      <UnitMeasure>ק"ג</UnitMeasure>
      <BisWeighted>0</BisWeighted>
      <QtyInPackage>1</QtyInPackage>
      <ItemPrice>24.90</ItemPrice>
      <UnitOfMeasurePrice>24.90</UnitOfMeasurePrice>
      <AllowDiscount>0</AllowDiscount>
      <itemStatus>1</itemStatus>
      <LastUpdateDate />
      <LastUpdateTime />
    </Product>
    <Product>
      <PriceUpdateDate>2016/08/09 10:09</PriceUpdateDate>
      <ItemCode>7290010627844</ItemCode>
      <ItemType>1</ItemType>
      <ItemName>טחינה ירושלים 500 מלא</ItemName>
      <ManufactureName>תה ויסוצקי (ישראל)בעמ</ManufactureName>
      <ManufactureCountry />
      <ManufactureItemDescription />
      <UnitQty>י"ח</UnitQty>
      <Quantity>500</Quantity>
      <UnitMeasure>ל  גרם</UnitMeasure>
      <BisWeighted>0</BisWeighted>
      <QtyInPackage>1</QtyInPackage>
      <ItemPrice>16.90</ItemPrice>
      <UnitOfMeasurePrice>3.38</UnitOfMeasurePrice>
      <AllowDiscount>0</AllowDiscount>
      <itemStatus>1</itemStatus>
      <LastUpdateDate />
      <LastUpdateTime />
    </Product>
    <Product>
      <PriceUpdateDate>2014/10/19 11:52</PriceUpdateDate>
      <ItemCode>7290010632121</ItemCode>
      <ItemType>1</ItemType>
      <ItemName>כוס אימון עם ידיות</ItemName>
      <ManufactureName>אינטרסן (1996) בעמ</ManufactureName>
      <ManufactureCountry />
      <ManufactureItemDescription />
      <UnitQty>י"ח</UnitQty>
      <Quantity>1</Quantity>
      <UnitMeasure />
      <BisWeighted>0</BisWeighted>
      <QtyInPackage>1</QtyInPackage>
      <ItemPrice>16.90</ItemPrice>
      <UnitOfMeasurePrice>16.90</UnitOfMeasurePrice>
      <AllowDiscount>0</AllowDiscount>
      <itemStatus>1</itemStatus>
      <LastUpdateDate />
      <LastUpdateTime />
    </Product>
    <Product>
      <PriceUpdateDate>2017/02/06 14:37</PriceUpdateDate>
      <ItemCode>7290010632534</ItemCode>
      <ItemType>1</ItemType>
      <ItemName>כוס ומכסה 6יח</ItemName>
      <ManufactureName>אינטרסן (1996) בעמ</ManufactureName>
      <ManufactureCountry />
      <ManufactureItemDescription />
      <UnitQty>י"ח</UnitQty>
      <Quantity>1</Quantity>
      <UnitMeasure />
      <BisWeighted>0</BisWeighted>
      <QtyInPackage>1</QtyInPackage>
      <ItemPrice>27.90</ItemPrice>
      <UnitOfMeasurePrice>27.90</UnitOfMeasurePrice>
      <AllowDiscount>0</AllowDiscount>
      <itemStatus>1</itemStatus>
      <LastUpdateDate />
      <LastUpdateTime />
    </Product>
    <Product>
      <PriceUpdateDate>2015/02/12 14:32</PriceUpdateDate>
      <ItemCode>7290010632787</ItemCode>
      <ItemType>1</ItemType>
      <ItemName>צמרוני אוזניים מעץ 300</ItemName>
      <ManufactureName>אינטרסן (1996) בעמ</ManufactureName>
      <ManufactureCountry />
      <ManufactureItemDescription />
      <UnitQty>י"ח</UnitQty>
      <Quantity>300</Quantity>
      <UnitMeasure>י"ח</UnitMeasure>
      <BisWeighted>0</BisWeighted>
      <QtyInPackage>1</QtyInPackage>
      <ItemPrice>4</ItemPrice>
      <UnitOfMeasurePrice>0.01</UnitOfMeasurePrice>
      <AllowDiscount>0</AllowDiscount>
      <itemStatus>1</itemStatus>
      <LastUpdateDate />
      <LastUpdateTime />
    </Product>
    <Product>
      <PriceUpdateDate>2020/03/22 20:10</PriceUpdateDate>
      <ItemCode>7290010650828</ItemCode>
      <ItemType>1</ItemType>
      <ItemName>פטריות שי-מג`י חום/לבן</ItemName>
      <ManufactureName>ביכורי הנגב מ.ד בעמ</ManufactureName>
      <ManufactureCountry />
      <ManufactureItemDescription />
      <UnitQty>י"ח</UnitQty>
      <Quantity>150</Quantity>
      <UnitMeasure>ל  גרם</UnitMeasure>
      <BisWeighted>0</BisWeighted>
      <QtyInPackage>1</QtyInPackage>
      <ItemPrice>11.90</ItemPrice>
      <UnitOfMeasurePrice>7.93</UnitOfMeasurePrice>
      <AllowDiscount>1</AllowDiscount>
      <itemStatus>1</itemStatus>
      <LastUpdateDate />
      <LastUpdateTime />
    </Product>
    <Product>
      <PriceUpdateDate>2019/05/05 13:58</PriceUpdateDate>
      <ItemCode>7290010654680</ItemCode>
      <ItemType>1</ItemType>
      <ItemName>גבינה בולגרית מעודנת 5% 250ג</ItemName>
      <ManufactureName>אמא מ.א.א ניהול והשקעות</ManufactureName>
      <ManufactureCountry />
      <ManufactureItemDescription />
      <UnitQty>י"ח</UnitQty>
      <Quantity>250</Quantity>
      <UnitMeasure>ל  מ"ל</UnitMeasure>
      <BisWeighted>0</BisWeighted>
      <QtyInPackage>1</QtyInPackage>
      <ItemPrice>9.90</ItemPrice>
      <UnitOfMeasurePrice>3.96</UnitOfMeasurePrice>
      <AllowDiscount>0</AllowDiscount>
      <itemStatus>1</itemStatus>
      <LastUpdateDate />
      <LastUpdateTime />
    </Product>
    <Product>
      <PriceUpdateDate>2019/08/13 14:33</PriceUpdateDate>
      <ItemCode>7290010711369</ItemCode>
      <ItemType>1</ItemType>
      <ItemName>גליל מטליות מצופות המותג</ItemName>
      <ManufactureName>מ.א.ייצור ויבואהמותג</ManufactureName>
      <ManufactureCountry />
      <ManufactureItemDescription />
      <UnitQty>י"ח</UnitQty>
      <Quantity>1</Quantity>
      <UnitMeasure />
      <BisWeighted>0</BisWeighted>
      <QtyInPackage>1</QtyInPackage>
      <ItemPrice>22.90</ItemPrice>
      <UnitOfMeasurePrice>22.90</UnitOfMeasurePrice>
      <AllowDiscount>1</AllowDiscount>
      <itemStatus>1</itemStatus>
      <LastUpdateDate />
      <LastUpdateTime />
    </Product>
    <Product>
      <PriceUpdateDate>2014/01/06 17:32</PriceUpdateDate>
      <ItemCode>7290010711550</ItemCode>
      <ItemType>1</ItemType>
      <ItemName>דלי 15 ליטר+פיה</ItemName>
      <ManufactureName>*** מ.א.ייצור ויבוא מטליות</ManufactureName>
      <ManufactureCountry />
      <ManufactureItemDescription />
      <UnitQty>י"ח</UnitQty>
      <Quantity>1</Quantity>
      <UnitMeasure />
      <BisWeighted>0</BisWeighted>
      <QtyInPackage>1</QtyInPackage>
      <ItemPrice>12</ItemPrice>
      <UnitOfMeasurePrice>12</UnitOfMeasurePrice>
      <AllowDiscount>0</AllowDiscount>
      <itemStatus>1</itemStatus>
      <LastUpdateDate />
      <LastUpdateTime />
    </Product>
    <Product>
      <PriceUpdateDate>2016/01/04 19:39</PriceUpdateDate>
      <ItemCode>7290010711604</ItemCode>
      <ItemType>1</ItemType>
      <ItemName>צמר פלדה 350גר`</ItemName>
      <ManufactureName>מ.א.ייצור ויבואהמותג</ManufactureName>
      <ManufactureCountry />
      <ManufactureItemDescription />
      <UnitQty>י"ח</UnitQty>
      <Quantity>350</Quantity>
      <UnitMeasure>ל  גרם</UnitMeasure>
      <BisWeighted>0</BisWeighted>
      <QtyInPackage>1</QtyInPackage>
      <ItemPrice>11.90</ItemPrice>
      <UnitOfMeasurePrice>3.40</UnitOfMeasurePrice>
      <AllowDiscount>0</AllowDiscount>
      <itemStatus>1</itemStatus>
      <LastUpdateDate />
      <LastUpdateTime />
    </Product>
    <Product>
      <PriceUpdateDate>2014/01/06 17:34</PriceUpdateDate>
      <ItemCode>7290010711864</ItemCode>
      <ItemType>1</ItemType>
      <ItemName>מטאטא משובח עם מקל</ItemName>
      <ManufactureName>*** מ.א.ייצור ויבוא מטליות</ManufactureName>
      <ManufactureCountry />
      <ManufactureItemDescription />
      <UnitQty>י"ח</UnitQty>
      <Quantity>1</Quantity>
      <UnitMeasure />
      <BisWeighted>0</BisWeighted>
      <QtyInPackage>1</QtyInPackage>
      <ItemPrice>26</ItemPrice>
      <UnitOfMeasurePrice>26</UnitOfMeasurePrice>
      <AllowDiscount>0</AllowDiscount>
      <itemStatus>1</itemStatus>
      <LastUpdateDate />
      <LastUpdateTime />
    </Product>
    <Product>
      <PriceUpdateDate>2016/12/18 10:54</PriceUpdateDate>
      <ItemCode>7290010711918</ItemCode>
      <ItemType>1</ItemType>
      <ItemName>מיקרופייבר חמישייה לניקוי כללי</ItemName>
      <ManufactureName>מ.א.ייצור ויבוא</ManufactureName>
      <ManufactureCountry />
      <ManufactureItemDescription />
      <UnitQty>י"ח</UnitQty>
      <Quantity>1</Quantity>
      <UnitMeasure />
      <BisWeighted>0</BisWeighted>
      <QtyInPackage>1</QtyInPackage>
      <ItemPrice>15.90</ItemPrice>
      <UnitOfMeasurePrice>15.90</UnitOfMeasurePrice>
      <AllowDiscount>0</AllowDiscount>
      <itemStatus>1</itemStatus>
      <LastUpdateDate />
      <LastUpdateTime />
    </Product>
    <Product>
      <PriceUpdateDate>2014/10/06 09:14</PriceUpdateDate>
      <ItemCode>7290010718627</ItemCode>
      <ItemType>1</ItemType>
      <ItemName>סבון נוזלי ירוק פנינה 1 ליטר</ItemName>
      <ManufactureName>פנינה רוזנבלום בעמ</ManufactureName>
      <ManufactureCountry />
      <ManufactureItemDescription />
      <UnitQty>י"ח</UnitQty>
      <Quantity>1</Quantity>
      <UnitMeasure>ליטר</UnitMeasure>
      <BisWeighted>0</BisWeighted>
      <QtyInPackage>1</QtyInPackage>
      <ItemPrice>9.90</ItemPrice>
      <UnitOfMeasurePrice>9.90</UnitOfMeasurePrice>
      <AllowDiscount>1</AllowDiscount>
      <itemStatus>1</itemStatus>
      <LastUpdateDate />
      <LastUpdateTime />
    </Product>
    <Product>
      <PriceUpdateDate>2014/10/06 09:14</PriceUpdateDate>
      <ItemCode>7290010718634</ItemCode>
      <ItemType>1</ItemType>
      <ItemName>סבון נוזלי לבן פנינה 1 ליטר</ItemName>
      <ManufactureName>פנינה רוזנבלום בעמ</ManufactureName>
      <ManufactureCountry />
      <ManufactureItemDescription />
      <UnitQty>י"ח</UnitQty>
      <Quantity>1</Quantity>
      <UnitMeasure>ליטר</UnitMeasure>
      <BisWeighted>0</BisWeighted>
      <QtyInPackage>1</QtyInPackage>
      <ItemPrice>9.90</ItemPrice>
      <UnitOfMeasurePrice>9.90</UnitOfMeasurePrice>
      <AllowDiscount>1</AllowDiscount>
      <itemStatus>1</itemStatus>
      <LastUpdateDate />
      <LastUpdateTime />
    </Product>
    <Product>
      <PriceUpdateDate>2020/02/09 11:43</PriceUpdateDate>
      <ItemCode>7290010719013</ItemCode>
      <ItemType>1</ItemType>
      <ItemName>שמן זית אחיה מעולה 750מ"ל</ItemName>
      <ManufactureName>ח.כהן סוכנות מזון ומשקאות בע</ManufactureName>
      <ManufactureCountry />
      <ManufactureItemDescription />
      <UnitQty>י"ח</UnitQty>
      <Quantity>750</Quantity>
      <UnitMeasure>ל  מ"ל</UnitMeasure>
      <BisWeighted>0</BisWeighted>
      <QtyInPackage>1</QtyInPackage>
      <ItemPrice>38.90</ItemPrice>
      <UnitOfMeasurePrice>5.19</UnitOfMeasurePrice>
      <AllowDiscount>0</AllowDiscount>
      <itemStatus>1</itemStatus>
      <LastUpdateDate />
      <LastUpdateTime />
    </Product>
    <Product>
      <PriceUpdateDate>2017/12/21 14:29</PriceUpdateDate>
      <ItemCode>7290010748884</ItemCode>
      <ItemType>1</ItemType>
      <ItemName>אפקטיב קרם גוף עור יבש</ItemName>
      <ManufactureName>פישר תעשיות פרמבצטיות בעמ</ManufactureName>
      <ManufactureCountry />
      <ManufactureItemDescription />
      <UnitQty>י"ח</UnitQty>
      <Quantity>700</Quantity>
      <UnitMeasure>ל  מ"ל</UnitMeasure>
      <BisWeighted>0</BisWeighted>
      <QtyInPackage>1</QtyInPackage>
      <ItemPrice>28.90</ItemPrice>
      <UnitOfMeasurePrice>4.13</UnitOfMeasurePrice>
      <AllowDiscount>0</AllowDiscount>
      <itemStatus>1</itemStatus>
      <LastUpdateDate />
      <LastUpdateTime />
    </Product>
    <Product>
      <PriceUpdateDate>2018/01/10 10:46</PriceUpdateDate>
      <ItemCode>7290010766697</ItemCode>
      <ItemType>1</ItemType>
      <ItemName>רוטב שקשוקה</ItemName>
      <ManufactureName>גורי מוצרי צריכה בעמ</ManufactureName>
      <ManufactureCountry />
      <ManufactureItemDescription />
      <UnitQty>י"ח</UnitQty>
      <Quantity>415</Quantity>
      <UnitMeasure>ל  גרם</UnitMeasure>
      <BisWeighted>0</BisWeighted>
      <QtyInPackage>1</QtyInPackage>
      <ItemPrice>15.90</ItemPrice>
      <UnitOfMeasurePrice>3.83</UnitOfMeasurePrice>
      <AllowDiscount>1</AllowDiscount>
      <itemStatus>1</itemStatus>
      <LastUpdateDate />
      <LastUpdateTime />
    </Product>
    <Product>
      <PriceUpdateDate>2014/07/16 11:15</PriceUpdateDate>
      <ItemCode>7290010775132</ItemCode>
      <ItemType>1</ItemType>
      <ItemName>רוטב צ ילי ברביקיו 700 גרם בד"צ</ItemName>
      <ManufactureName>פודלי רטבים מוצרי מזון בעמ</ManufactureName>
      <ManufactureCountry />
      <ManufactureItemDescription />
      <UnitQty>י"ח</UnitQty>
      <Quantity>700</Quantity>
      <UnitMeasure>ל  גרם</UnitMeasure>
      <BisWeighted>0</BisWeighted>
      <QtyInPackage>1</QtyInPackage>
      <ItemPrice>13.90</ItemPrice>
      <UnitOfMeasurePrice>1.99</UnitOfMeasurePrice>
      <AllowDiscount>0</AllowDiscount>
      <itemStatus>1</itemStatus>
      <LastUpdateDate />
      <LastUpdateTime />
    </Product>
    <Product>
      <PriceUpdateDate>2017/11/09 08:45</PriceUpdateDate>
      <ItemCode>7290010777150</ItemCode>
      <ItemType>1</ItemType>
      <ItemName>פיתות בריבוע חיטה 8יח</ItemName>
      <ManufactureName>גיא שיווק טוב 2016</ManufactureName>
      <ManufactureCountry />
      <ManufactureItemDescription />
      <UnitQty>י"ח</UnitQty>
      <Quantity>1</Quantity>
      <UnitMeasure />
      <BisWeighted>0</BisWeighted>
      <QtyInPackage>1</QtyInPackage>
      <ItemPrice>14.90</ItemPrice>
      <UnitOfMeasurePrice>14.90</UnitOfMeasurePrice>
      <AllowDiscount>0</AllowDiscount>
      <itemStatus>1</itemStatus>
      <LastUpdateDate />
      <LastUpdateTime />
    </Product>
    <Product>
      <PriceUpdateDate>2017/04/26 09:55</PriceUpdateDate>
      <ItemCode>7290010777297</ItemCode>
      <ItemType>1</ItemType>
      <ItemName>פיתות 10יח  מארז(עבודת  יד)</ItemName>
      <ManufactureName>גיא שיווק טוב 2016</ManufactureName>
      <ManufactureCountry />
      <ManufactureItemDescription />
      <UnitQty>י"ח</UnitQty>
      <Quantity>1</Quantity>
      <UnitMeasure />
      <BisWeighted>0</BisWeighted>
      <QtyInPackage>1</QtyInPackage>
      <ItemPrice>11.90</ItemPrice>
      <UnitOfMeasurePrice>11.90</UnitOfMeasurePrice>
      <AllowDiscount>0</AllowDiscount>
      <itemStatus>1</itemStatus>
      <LastUpdateDate />
      <LastUpdateTime />
    </Product>
    <Product>
      <PriceUpdateDate>2017/11/09 08:45</PriceUpdateDate>
      <ItemCode>7290010777327</ItemCode>
      <ItemType>1</ItemType>
      <ItemName>פיתה קלה 79 קלוריות ללא סוכר</ItemName>
      <ManufactureName>גיא שיווק טוב 2016</ManufactureName>
      <ManufactureCountry />
      <ManufactureItemDescription />
      <UnitQty>י"ח</UnitQty>
      <Quantity>1</Quantity>
      <UnitMeasure />
      <BisWeighted>0</BisWeighted>
      <QtyInPackage>1</QtyInPackage>
      <ItemPrice>14.90</ItemPrice>
      <UnitOfMeasurePrice>14.90</UnitOfMeasurePrice>
      <AllowDiscount>0</AllowDiscount>
      <itemStatus>1</itemStatus>
      <LastUpdateDate />
      <LastUpdateTime />
    </Product>
    <Product>
      <PriceUpdateDate>2017/02/07 15:07</PriceUpdateDate>
      <ItemCode>7290010814268</ItemCode>
      <ItemType>1</ItemType>
      <ItemName>שוקולד שלישיות לבן</ItemName>
      <ManufactureName>כרמית תעשיות ממתקים בעמ</ManufactureName>
      <ManufactureCountry />
      <ManufactureItemDescription />
      <UnitQty>י"ח</UnitQty>
      <Quantity>300</Quantity>
      <UnitMeasure>ל  גרם</UnitMeasure>
      <BisWeighted>0</BisWeighted>
      <QtyInPackage>1</QtyInPackage>
      <ItemPrice>10.90</ItemPrice>
      <UnitOfMeasurePrice>3.63</UnitOfMeasurePrice>
      <AllowDiscount>0</AllowDiscount>
      <itemStatus>1</itemStatus>
      <LastUpdateDate />
      <LastUpdateTime />
    </Product>
    <Product>
      <PriceUpdateDate>2019/12/04 14:54</PriceUpdateDate>
      <ItemCode>7290010883356</ItemCode>
      <ItemType>1</ItemType>
      <ItemName>כפפות אלוורה L</ItemName>
      <ManufactureName>החב הדרומית לשיווק</ManufactureName>
      <ManufactureCountry />
      <ManufactureItemDescription />
      <UnitQty>י"ח</UnitQty>
      <Quantity>1</Quantity>
      <UnitMeasure />
      <BisWeighted>0</BisWeighted>
      <QtyInPackage>1</QtyInPackage>
      <ItemPrice>10.90</ItemPrice>
      <UnitOfMeasurePrice>10.90</UnitOfMeasurePrice>
      <AllowDiscount>1</AllowDiscount>
      <itemStatus>1</itemStatus>
      <LastUpdateDate />
      <LastUpdateTime />
    </Product>
    <Product>
      <PriceUpdateDate>2019/12/04 14:54</PriceUpdateDate>
      <ItemCode>7290010883370</ItemCode>
      <ItemType>1</ItemType>
      <ItemName>כפפות אלוורה M</ItemName>
      <ManufactureName>החב הדרומית לשיווק</ManufactureName>
      <ManufactureCountry />
      <ManufactureItemDescription />
      <UnitQty>י"ח</UnitQty>
      <Quantity>1</Quantity>
      <UnitMeasure />
      <BisWeighted>0</BisWeighted>
      <QtyInPackage>1</QtyInPackage>
      <ItemPrice>10.90</ItemPrice>
      <UnitOfMeasurePrice>10.90</UnitOfMeasurePrice>
      <AllowDiscount>1</AllowDiscount>
      <itemStatus>1</itemStatus>
      <LastUpdateDate />
      <LastUpdateTime />
    </Product>
    <Product>
      <PriceUpdateDate>2016/01/11 17:14</PriceUpdateDate>
      <ItemCode>7290010886210</ItemCode>
      <ItemType>1</ItemType>
      <ItemName>סט 4זיקוקים 15 צבעני</ItemName>
      <ManufactureName>שמחה זה אנחנו</ManufactureName>
      <ManufactureCountry />
      <ManufactureItemDescription />
      <UnitQty>י"ח</UnitQty>
      <Quantity>1</Quantity>
      <UnitMeasure />
      <BisWeighted>0</BisWeighted>
      <QtyInPackage>1</QtyInPackage>
      <ItemPrice>15.50</ItemPrice>
      <UnitOfMeasurePrice>15.50</UnitOfMeasurePrice>
      <AllowDiscount>0</AllowDiscount>
      <itemStatus>1</itemStatus>
      <LastUpdateDate />
      <LastUpdateTime />
    </Product>
    <Product>
      <PriceUpdateDate>2014/05/11 16:10</PriceUpdateDate>
      <ItemCode>7290010903955</ItemCode>
      <ItemType>1</ItemType>
      <ItemName>חטיפי תירס 600גר  המותג</ItemName>
      <ManufactureName>קפוא זן תעשיות מזון בעמ</ManufactureName>
      <ManufactureCountry />
      <ManufactureItemDescription />
      <UnitQty>י"ח</UnitQty>
      <Quantity>600</Quantity>
      <UnitMeasure>ל  גרם</UnitMeasure>
      <BisWeighted>0</BisWeighted>
      <QtyInPackage>1</QtyInPackage>
      <ItemPrice>15.90</ItemPrice>
      <UnitOfMeasurePrice>2.65</UnitOfMeasurePrice>
      <AllowDiscount>0</AllowDiscount>
      <itemStatus>1</itemStatus>
      <LastUpdateDate />
      <LastUpdateTime />
    </Product>
    <Product>
      <PriceUpdateDate>2014/05/11 16:10</PriceUpdateDate>
      <ItemCode>7290010903962</ItemCode>
      <ItemType>1</ItemType>
      <ItemName>כוכבי תירס 600גר  המותג</ItemName>
      <ManufactureName>קפוא זן תעשיות מזון בעמ</ManufactureName>
      <ManufactureCountry />
      <ManufactureItemDescription />
      <UnitQty>י"ח</UnitQty>
      <Quantity>600</Quantity>
      <UnitMeasure>ל  גרם</UnitMeasure>
      <BisWeighted>0</BisWeighted>
      <QtyInPackage>1</QtyInPackage>
      <ItemPrice>15.90</ItemPrice>
      <UnitOfMeasurePrice>2.65</UnitOfMeasurePrice>
      <AllowDiscount>0</AllowDiscount>
      <itemStatus>1</itemStatus>
      <LastUpdateDate />
      <LastUpdateTime />
    </Product>
    <Product>
      <PriceUpdateDate>2014/05/11 16:13</PriceUpdateDate>
      <ItemCode>7290010903986</ItemCode>
      <ItemType>1</ItemType>
      <ItemName>שניצל צמחי 750גר  המותג</ItemName>
      <ManufactureName>קפוא זן תעשיות מזון בעמ</ManufactureName>
      <ManufactureCountry />
      <ManufactureItemDescription />
      <UnitQty>י"ח</UnitQty>
      <Quantity>750</Quantity>
      <UnitMeasure>ל  גרם</UnitMeasure>
      <BisWeighted>0</BisWeighted>
      <QtyInPackage>1</QtyInPackage>
      <ItemPrice>19.90</ItemPrice>
      <UnitOfMeasurePrice>2.65</UnitOfMeasurePrice>
      <AllowDiscount>0</AllowDiscount>
      <itemStatus>1</itemStatus>
      <LastUpdateDate />
      <LastUpdateTime />
    </Product>
    <Product>
      <PriceUpdateDate>2014/05/11 16:14</PriceUpdateDate>
      <ItemCode>7290010903993</ItemCode>
      <ItemType>1</ItemType>
      <ItemName>טבעות בצל  600גר  המותג</ItemName>
      <ManufactureName>קפוא זן תעשיות מזון בעמ</ManufactureName>
      <ManufactureCountry />
      <ManufactureItemDescription />
      <UnitQty>י"ח</UnitQty>
      <Quantity>600</Quantity>
      <UnitMeasure>ל  גרם</UnitMeasure>
      <BisWeighted>0</BisWeighted>
      <QtyInPackage>1</QtyInPackage>
      <ItemPrice>14.90</ItemPrice>
      <UnitOfMeasurePrice>2.48</UnitOfMeasurePrice>
      <AllowDiscount>1</AllowDiscount>
      <itemStatus>1</itemStatus>
      <LastUpdateDate />
      <LastUpdateTime />
    </Product>
    <Product>
      <PriceUpdateDate>2013/12/12 15:27</PriceUpdateDate>
      <ItemCode>7290010931330</ItemCode>
      <ItemType>1</ItemType>
      <ItemName>סלט מטבוחה 500 גרם אחלה</ItemName>
      <ManufactureName>שטראוס גרופ ***בעמ</ManufactureName>
      <ManufactureCountry />
      <ManufactureItemDescription />
      <UnitQty>י"ח</UnitQty>
      <Quantity>500</Quantity>
      <UnitMeasure>ל  גרם</UnitMeasure>
      <BisWeighted>0</BisWeighted>
      <QtyInPackage>1</QtyInPackage>
      <ItemPrice>14</ItemPrice>
      <UnitOfMeasurePrice>2.80</UnitOfMeasurePrice>
      <AllowDiscount>0</AllowDiscount>
      <itemStatus>1</itemStatus>
      <LastUpdateDate />
      <LastUpdateTime />
    </Product>
    <Product>
      <PriceUpdateDate>2014/05/05 09:49</PriceUpdateDate>
      <ItemCode>7290010945146</ItemCode>
      <ItemType>1</ItemType>
      <ItemName>קוטג  3% מועשר טרה</ItemName>
      <ManufactureName>*חברה המרכזית להפצתמשקאותבעמ*</ManufactureName>
      <ManufactureCountry />
      <ManufactureItemDescription />
      <UnitQty>י"ח</UnitQty>
      <Quantity>250</Quantity>
      <UnitMeasure>ל  גרם</UnitMeasure>
      <BisWeighted>0</BisWeighted>
      <QtyInPackage>1</QtyInPackage>
      <ItemPrice>5.90</ItemPrice>
      <UnitOfMeasurePrice>2.36</UnitOfMeasurePrice>
      <AllowDiscount>0</AllowDiscount>
      <itemStatus>1</itemStatus>
      <LastUpdateDate />
      <LastUpdateTime />
    </Product>
    <Product>
      <PriceUpdateDate>2019/06/13 20:04</PriceUpdateDate>
      <ItemCode>7290010945450</ItemCode>
      <ItemType>1</ItemType>
      <ItemName>גבינה לבנה 3% 250  ג*</ItemName>
      <ManufactureName>*חברה המרכזית להפצתמשקאותבעמ*</ManufactureName>
      <ManufactureCountry />
      <ManufactureItemDescription />
      <UnitQty>י"ח</UnitQty>
      <Quantity>250</Quantity>
      <UnitMeasure>ל  גרם</UnitMeasure>
      <BisWeighted>0</BisWeighted>
      <QtyInPackage>1</QtyInPackage>
      <ItemPrice>4.90</ItemPrice>
      <UnitOfMeasurePrice>1.96</UnitOfMeasurePrice>
      <AllowDiscount>1</AllowDiscount>
      <itemStatus>1</itemStatus>
      <LastUpdateDate />
      <LastUpdateTime />
    </Product>
    <Product>
      <PriceUpdateDate>2019/06/13 20:04</PriceUpdateDate>
      <ItemCode>7290010945481</ItemCode>
      <ItemType>1</ItemType>
      <ItemName>גבינה לבנה 5% מהדרין 500  *</ItemName>
      <ManufactureName>*חברה המרכזית להפצתמשקאותבעמ*</ManufactureName>
      <ManufactureCountry />
      <ManufactureItemDescription />
      <UnitQty>י"ח</UnitQty>
      <Quantity>500</Quantity>
      <UnitMeasure>ל  גרם</UnitMeasure>
      <BisWeighted>0</BisWeighted>
      <QtyInPackage>1</QtyInPackage>
      <ItemPrice>9.50</ItemPrice>
      <UnitOfMeasurePrice>1.90</UnitOfMeasurePrice>
      <AllowDiscount>0</AllowDiscount>
      <itemStatus>1</itemStatus>
      <LastUpdateDate />
      <LastUpdateTime />
    </Product>
    <Product>
      <PriceUpdateDate>2013/12/19 09:12</PriceUpdateDate>
      <ItemCode>7290011015862</ItemCode>
      <ItemType>1</ItemType>
      <ItemName>סירופ דיאט לימונענע 750מ"ל</ItemName>
      <ManufactureName>חברה המרכזית להפצת משקאות בעמ</ManufactureName>
      <ManufactureCountry />
      <ManufactureItemDescription />
      <UnitQty>י"ח</UnitQty>
      <Quantity>750</Quantity>
      <UnitMeasure>ל  מ"ל</UnitMeasure>
      <BisWeighted>0</BisWeighted>
      <QtyInPackage>1</QtyInPackage>
      <ItemPrice>17</ItemPrice>
      <UnitOfMeasurePrice>2.27</UnitOfMeasurePrice>
      <AllowDiscount>0</AllowDiscount>
      <itemStatus>1</itemStatus>
      <LastUpdateDate />
      <LastUpdateTime />
    </Product>
    <Product>
      <PriceUpdateDate>2018/11/27 10:01</PriceUpdateDate>
      <ItemCode>7290011017866</ItemCode>
      <ItemType>1</ItemType>
      <ItemName>פחית קוקה קולה סליק</ItemName>
      <ManufactureName>חברה המרכזית להפצת משקאות בעמ</ManufactureName>
      <ManufactureCountry />
      <ManufactureItemDescription />
      <UnitQty>י"ח</UnitQty>
      <Quantity>330</Quantity>
      <UnitMeasure>ל  מ"ל</UnitMeasure>
      <BisWeighted>0</BisWeighted>
      <QtyInPackage>1</QtyInPackage>
      <ItemPrice>4.20</ItemPrice>
      <UnitOfMeasurePrice>1.18</UnitOfMeasurePrice>
      <AllowDiscount>1</AllowDiscount>
      <itemStatus>1</itemStatus>
      <LastUpdateDate />
      <LastUpdateTime />
    </Product>
    <Product>
      <PriceUpdateDate>2018/11/27 10:01</PriceUpdateDate>
      <ItemCode>7290011017873</ItemCode>
      <ItemType>1</ItemType>
      <ItemName>פחית קוקה קולה זירו  סליק</ItemName>
      <ManufactureName>חברה המרכזית להפצת משקאות בעמ</ManufactureName>
      <ManufactureCountry />
      <ManufactureItemDescription />
      <UnitQty>י"ח</UnitQty>
      <Quantity>330</Quantity>
      <UnitMeasure>ל  מ"ל</UnitMeasure>
      <BisWeighted>0</BisWeighted>
      <QtyInPackage>1</QtyInPackage>
      <ItemPrice>4.20</ItemPrice>
      <UnitOfMeasurePrice>1.18</UnitOfMeasurePrice>
      <AllowDiscount>1</AllowDiscount>
      <itemStatus>1</itemStatus>
      <LastUpdateDate />
      <LastUpdateTime />
    </Product>
    <Product>
      <PriceUpdateDate>2012/08/19 14:52</PriceUpdateDate>
      <ItemCode>7290011018184</ItemCode>
      <ItemType>1</ItemType>
      <ItemName>תה אפרסק 0.5 ליטר FUZE-T</ItemName>
      <ManufactureName>חברה המרכזית להפצת משקאות בעמ</ManufactureName>
      <ManufactureCountry />
      <ManufactureItemDescription />
      <UnitQty>י"ח</UnitQty>
      <Quantity>500</Quantity>
      <UnitMeasure>ל  מ"ל</UnitMeasure>
      <BisWeighted>0</BisWeighted>
      <QtyInPackage>1</QtyInPackage>
      <ItemPrice>5.20</ItemPrice>
      <UnitOfMeasurePrice>0.98</UnitOfMeasurePrice>
      <AllowDiscount>1</AllowDiscount>
      <itemStatus>1</itemStatus>
      <LastUpdateDate />
      <LastUpdateTime />
    </Product>
    <Product>
      <PriceUpdateDate>2018/12/02 11:44</PriceUpdateDate>
      <ItemCode>7290011018252</ItemCode>
      <ItemType>1</ItemType>
      <ItemName>תה מנגו אננס 1.5 FUZE-T</ItemName>
      <ManufactureName>חברה המרכזית להפצת משקאות בעמ</ManufactureName>
      <ManufactureCountry />
      <ManufactureItemDescription />
      <UnitQty>י"ח</UnitQty>
      <Quantity>1.50</Quantity>
      <UnitMeasure>ליטר</UnitMeasure>
      <BisWeighted>0</BisWeighted>
      <QtyInPackage>1</QtyInPackage>
      <ItemPrice>7.20</ItemPrice>
      <UnitOfMeasurePrice>4.80</UnitOfMeasurePrice>
      <AllowDiscount>0</AllowDiscount>
      <itemStatus>1</itemStatus>
      <LastUpdateDate />
      <LastUpdateTime />
    </Product>
    <Product>
      <PriceUpdateDate>2018/12/02 11:44</PriceUpdateDate>
      <ItemCode>7290011018283</ItemCode>
      <ItemType>1</ItemType>
      <ItemName>תה אפרסק 1.5 FUZE-T</ItemName>
      <ManufactureName>חברה המרכזית להפצת משקאות בעמ</ManufactureName>
      <ManufactureCountry />
      <ManufactureItemDescription />
      <UnitQty>י"ח</UnitQty>
      <Quantity>1.50</Quantity>
      <UnitMeasure>ליטר</UnitMeasure>
      <BisWeighted>0</BisWeighted>
      <QtyInPackage>1</QtyInPackage>
      <ItemPrice>7.20</ItemPrice>
      <UnitOfMeasurePrice>4.80</UnitOfMeasurePrice>
      <AllowDiscount>0</AllowDiscount>
      <itemStatus>1</itemStatus>
      <LastUpdateDate />
      <LastUpdateTime />
    </Product>
    <Product>
      <PriceUpdateDate>2018/12/02 11:44</PriceUpdateDate>
      <ItemCode>7290011018306</ItemCode>
      <ItemType>1</ItemType>
      <ItemName>תה דיאט אפרסק 1.5 FUZE-T</ItemName>
      <ManufactureName>חברה המרכזית להפצת משקאות בעמ</ManufactureName>
      <ManufactureCountry />
      <ManufactureItemDescription />
      <UnitQty>י"ח</UnitQty>
      <Quantity>1.50</Quantity>
      <UnitMeasure>ליטר</UnitMeasure>
      <BisWeighted>0</BisWeighted>
      <QtyInPackage>1</QtyInPackage>
      <ItemPrice>7.20</ItemPrice>
      <UnitOfMeasurePrice>4.80</UnitOfMeasurePrice>
      <AllowDiscount>0</AllowDiscount>
      <itemStatus>1</itemStatus>
      <LastUpdateDate />
      <LastUpdateTime />
    </Product>
    <Product>
      <PriceUpdateDate>2018/11/27 10:01</PriceUpdateDate>
      <ItemCode>7290011018443</ItemCode>
      <ItemType>1</ItemType>
      <ItemName>פחית  פאנטה אורנג   סליק</ItemName>
      <ManufactureName>חברה המרכזית להפצת משקאות בעמ</ManufactureName>
      <ManufactureCountry />
      <ManufactureItemDescription />
      <UnitQty>י"ח</UnitQty>
      <Quantity>330</Quantity>
      <UnitMeasure>ל  מ"ל</UnitMeasure>
      <BisWeighted>0</BisWeighted>
      <QtyInPackage>1</QtyInPackage>
      <ItemPrice>4.20</ItemPrice>
      <UnitOfMeasurePrice>1.18</UnitOfMeasurePrice>
      <AllowDiscount>1</AllowDiscount>
      <itemStatus>1</itemStatus>
      <LastUpdateDate />
      <LastUpdateTime />
    </Product>
    <Product>
      <PriceUpdateDate>2018/11/27 10:01</PriceUpdateDate>
      <ItemCode>7290011018467</ItemCode>
      <ItemType>1</ItemType>
      <ItemName>פחית קוקה פאנטה אקזוטיק   סליק</ItemName>
      <ManufactureName>חברה המרכזית להפצת משקאות בעמ</ManufactureName>
      <ManufactureCountry />
      <ManufactureItemDescription />
      <UnitQty>י"ח</UnitQty>
      <Quantity>330</Quantity>
      <UnitMeasure>ל  מ"ל</UnitMeasure>
      <BisWeighted>0</BisWeighted>
      <QtyInPackage>1</QtyInPackage>
      <ItemPrice>4.20</ItemPrice>
      <UnitOfMeasurePrice>1.18</UnitOfMeasurePrice>
      <AllowDiscount>1</AllowDiscount>
      <itemStatus>1</itemStatus>
      <LastUpdateDate />
      <LastUpdateTime />
    </Product>
    <Product>
      <PriceUpdateDate>2018/12/02 11:44</PriceUpdateDate>
      <ItemCode>7290011018580</ItemCode>
      <ItemType>1</ItemType>
      <ItemName>תה דיאט ענבים 1.5 FUZE-T</ItemName>
      <ManufactureName>חברה המרכזית להפצת משקאות בעמ</ManufactureName>
      <ManufactureCountry />
      <ManufactureItemDescription />
      <UnitQty>י"ח</UnitQty>
      <Quantity>1.50</Quantity>
      <UnitMeasure>ליטר</UnitMeasure>
      <BisWeighted>0</BisWeighted>
      <QtyInPackage>1</QtyInPackage>
      <ItemPrice>7.20</ItemPrice>
      <UnitOfMeasurePrice>4.80</UnitOfMeasurePrice>
      <AllowDiscount>0</AllowDiscount>
      <itemStatus>1</itemStatus>
      <LastUpdateDate />
      <LastUpdateTime />
    </Product>
    <Product>
      <PriceUpdateDate>2014/10/13 14:15</PriceUpdateDate>
      <ItemCode>7290011051327</ItemCode>
      <ItemType>1</ItemType>
      <ItemName>קריסטל 2 ליטר אשכוליות מו</ItemName>
      <ManufactureName>יפאורה שותפות מוגבלת לשיווק</ManufactureName>
      <ManufactureCountry />
      <ManufactureItemDescription />
      <UnitQty>י"ח</UnitQty>
      <Quantity>2</Quantity>
      <UnitMeasure>ליטר</UnitMeasure>
      <BisWeighted>0</BisWeighted>
      <QtyInPackage>1</QtyInPackage>
      <ItemPrice>3.90</ItemPrice>
      <UnitOfMeasurePrice>1.95</UnitOfMeasurePrice>
      <AllowDiscount>1</AllowDiscount>
      <itemStatus>1</itemStatus>
      <LastUpdateDate />
      <LastUpdateTime />
    </Product>
    <Product>
      <PriceUpdateDate>2013/12/03 15:49</PriceUpdateDate>
      <ItemCode>7290011051365</ItemCode>
      <ItemType>1</ItemType>
      <ItemName>שוופס סודה רביעיה 1.5 ל</ItemName>
      <ManufactureName>יפאורה שותפות מוגבלת לשיווק</ManufactureName>
      <ManufactureCountry />
      <ManufactureItemDescription />
      <UnitQty>י"ח</UnitQty>
      <Quantity>600</Quantity>
      <UnitMeasure>ס"מ</UnitMeasure>
      <BisWeighted>0</BisWeighted>
      <QtyInPackage>1</QtyInPackage>
      <ItemPrice>11</ItemPrice>
      <UnitOfMeasurePrice>1.83</UnitOfMeasurePrice>
      <AllowDiscount>0</AllowDiscount>
      <itemStatus>1</itemStatus>
      <LastUpdateDate />
      <LastUpdateTime />
    </Product>
    <Product>
      <PriceUpdateDate>2019/11/17 11:58</PriceUpdateDate>
      <ItemCode>7290011051372</ItemCode>
      <ItemType>1</ItemType>
      <ItemName>שוופס מוגז עדין</ItemName>
      <ManufactureName>יפאורה שותפות מוגבלת לשיווק</ManufactureName>
      <ManufactureCountry />
      <ManufactureItemDescription />
      <UnitQty>י"ח</UnitQty>
      <Quantity>1.50</Quantity>
      <UnitMeasure>ליטר</UnitMeasure>
      <BisWeighted>0</BisWeighted>
      <QtyInPackage>1</QtyInPackage>
      <ItemPrice>6.70</ItemPrice>
      <UnitOfMeasurePrice>4.47</UnitOfMeasurePrice>
      <AllowDiscount>1</AllowDiscount>
      <itemStatus>1</itemStatus>
      <LastUpdateDate />
      <LastUpdateTime />
    </Product>
    <Product>
      <PriceUpdateDate>2019/11/17 11:58</PriceUpdateDate>
      <ItemCode>7290011051389</ItemCode>
      <ItemType>1</ItemType>
      <ItemName>שוופס מוגז עדין פירות יער</ItemName>
      <ManufactureName>יפאורה שותפות מוגבלת לשיווק</ManufactureName>
      <ManufactureCountry />
      <ManufactureItemDescription />
      <UnitQty>י"ח</UnitQty>
      <Quantity>1.50</Quantity>
      <UnitMeasure>ליטר</UnitMeasure>
      <BisWeighted>0</BisWeighted>
      <QtyInPackage>1</QtyInPackage>
      <ItemPrice>6.70</ItemPrice>
      <UnitOfMeasurePrice>4.47</UnitOfMeasurePrice>
      <AllowDiscount>1</AllowDiscount>
      <itemStatus>1</itemStatus>
      <LastUpdateDate />
      <LastUpdateTime />
    </Product>
    <Product>
      <PriceUpdateDate>2019/11/17 11:58</PriceUpdateDate>
      <ItemCode>7290011051396</ItemCode>
      <ItemType>1</ItemType>
      <ItemName>שוופס מוגז עדין אפרסק</ItemName>
      <ManufactureName>יפאורה שותפות מוגבלת לשיווק</ManufactureName>
      <ManufactureCountry />
      <ManufactureItemDescription />
      <UnitQty>י"ח</UnitQty>
      <Quantity>1.50</Quantity>
      <UnitMeasure>ליטר</UnitMeasure>
      <BisWeighted>0</BisWeighted>
      <QtyInPackage>1</QtyInPackage>
      <ItemPrice>6.70</ItemPrice>
      <UnitOfMeasurePrice>4.47</UnitOfMeasurePrice>
      <AllowDiscount>1</AllowDiscount>
      <itemStatus>1</itemStatus>
      <LastUpdateDate />
      <LastUpdateTime />
    </Product>
    <Product>
      <PriceUpdateDate>2018/10/30 11:03</PriceUpdateDate>
      <ItemCode>7290011051488</ItemCode>
      <ItemType>1</ItemType>
      <ItemName>ספרינג -Tאפרסק מנגו   1.5 ל</ItemName>
      <ManufactureName>יפאורה שותפות מוגבלת לשיווק</ManufactureName>
      <ManufactureCountry />
      <ManufactureItemDescription />
      <UnitQty>י"ח</UnitQty>
      <Quantity>1.50</Quantity>
      <UnitMeasure>ליטר</UnitMeasure>
      <BisWeighted>0</BisWeighted>
      <QtyInPackage>1</QtyInPackage>
      <ItemPrice>6.30</ItemPrice>
      <UnitOfMeasurePrice>4.20</UnitOfMeasurePrice>
      <AllowDiscount>1</AllowDiscount>
      <itemStatus>1</itemStatus>
      <LastUpdateDate />
      <LastUpdateTime />
    </Product>
    <Product>
      <PriceUpdateDate>2018/10/30 11:03</PriceUpdateDate>
      <ItemCode>7290011051495</ItemCode>
      <ItemType>1</ItemType>
      <ItemName>ספרינג -Tלימון   לואיזה</ItemName>
      <ManufactureName>יפאורה שותפות מוגבלת לשיווק</ManufactureName>
      <ManufactureCountry />
      <ManufactureItemDescription />
      <UnitQty>י"ח</UnitQty>
      <Quantity>1.50</Quantity>
      <UnitMeasure>ליטר</UnitMeasure>
      <BisWeighted>0</BisWeighted>
      <QtyInPackage>1</QtyInPackage>
      <ItemPrice>6.30</ItemPrice>
      <UnitOfMeasurePrice>4.20</UnitOfMeasurePrice>
      <AllowDiscount>1</AllowDiscount>
      <itemStatus>1</itemStatus>
      <LastUpdateDate />
      <LastUpdateTime />
    </Product>
    <Product>
      <PriceUpdateDate>2019/11/17 11:58</PriceUpdateDate>
      <ItemCode>7290011051655</ItemCode>
      <ItemType>1</ItemType>
      <ItemName>שוופס מוגז עדין ריזלינג</ItemName>
      <ManufactureName>יפאורה שותפות מוגבלת לשיווק</ManufactureName>
      <ManufactureCountry />
      <ManufactureItemDescription />
      <UnitQty>י"ח</UnitQty>
      <Quantity>1.50</Quantity>
      <UnitMeasure>ליטר</UnitMeasure>
      <BisWeighted>0</BisWeighted>
      <QtyInPackage>1</QtyInPackage>
      <ItemPrice>6.70</ItemPrice>
      <UnitOfMeasurePrice>4.47</UnitOfMeasurePrice>
      <AllowDiscount>1</AllowDiscount>
      <itemStatus>1</itemStatus>
      <LastUpdateDate />
      <LastUpdateTime />
    </Product>
    <Product>
      <PriceUpdateDate>2019/01/27 13:10</PriceUpdateDate>
      <ItemCode>7290011051938</ItemCode>
      <ItemType>1</ItemType>
      <ItemName>תפוזינה 1.5ליט תפוח רענן</ItemName>
      <ManufactureName>יפאורה שותפות מוגבלת לשיווק</ManufactureName>
      <ManufactureCountry />
      <ManufactureItemDescription />
      <UnitQty>י"ח</UnitQty>
      <Quantity>1.50</Quantity>
      <UnitMeasure>ליטר</UnitMeasure>
      <BisWeighted>0</BisWeighted>
      <QtyInPackage>1</QtyInPackage>
      <ItemPrice>5.90</ItemPrice>
      <UnitOfMeasurePrice>3.93</UnitOfMeasurePrice>
      <AllowDiscount>1</AllowDiscount>
      <itemStatus>1</itemStatus>
      <LastUpdateDate />
      <LastUpdateTime />
    </Product>
    <Product>
      <PriceUpdateDate>2017/07/31 07:32</PriceUpdateDate>
      <ItemCode>7290011065423</ItemCode>
      <ItemType>1</ItemType>
      <ItemName>מלח ים מטחנה 130גר</ItemName>
      <ManufactureName>א.ל.יצור ושיווקתבלינים בעמ</ManufactureName>
      <ManufactureCountry />
      <ManufactureItemDescription />
      <UnitQty>י"ח</UnitQty>
      <Quantity>130</Quantity>
      <UnitMeasure>ל  גרם</UnitMeasure>
      <BisWeighted>0</BisWeighted>
      <QtyInPackage>1</QtyInPackage>
      <ItemPrice>16.90</ItemPrice>
      <UnitOfMeasurePrice>13</UnitOfMeasurePrice>
      <AllowDiscount>1</AllowDiscount>
      <itemStatus>1</itemStatus>
      <LastUpdateDate />
      <LastUpdateTime />
    </Product>
    <Product>
      <PriceUpdateDate>2017/07/31 07:33</PriceUpdateDate>
      <ItemCode>7290011065430</ItemCode>
      <ItemType>1</ItemType>
      <ItemName>צ`ילי מטחנה 50גר</ItemName>
      <ManufactureName>א.ל.יצור ושיווקתבלינים בעמ</ManufactureName>
      <ManufactureCountry />
      <ManufactureItemDescription />
      <UnitQty>י"ח</UnitQty>
      <Quantity>50</Quantity>
      <UnitMeasure>ל  גרם</UnitMeasure>
      <BisWeighted>0</BisWeighted>
      <QtyInPackage>1</QtyInPackage>
      <ItemPrice>16.90</ItemPrice>
      <UnitOfMeasurePrice>33.80</UnitOfMeasurePrice>
      <AllowDiscount>1</AllowDiscount>
      <itemStatus>1</itemStatus>
      <LastUpdateDate />
      <LastUpdateTime />
    </Product>
    <Product>
      <PriceUpdateDate>2019/01/08 09:55</PriceUpdateDate>
      <ItemCode>7290011081492</ItemCode>
      <ItemType>1</ItemType>
      <ItemName>קרמיסימו שלושה שוקולדים שטראוס</ItemName>
      <ManufactureName>גלידות שטראוס בעמ</ManufactureName>
      <ManufactureCountry />
      <ManufactureItemDescription />
      <UnitQty>י"ח</UnitQty>
      <Quantity>1.33</Quantity>
      <UnitMeasure>ליטר</UnitMeasure>
      <BisWeighted>0</BisWeighted>
      <QtyInPackage>1</QtyInPackage>
      <ItemPrice>18.90</ItemPrice>
      <UnitOfMeasurePrice>14.21</UnitOfMeasurePrice>
      <AllowDiscount>0</AllowDiscount>
      <itemStatus>1</itemStatus>
      <LastUpdateDate />
      <LastUpdateTime />
    </Product>
    <Product>
      <PriceUpdateDate>2019/01/08 09:55</PriceUpdateDate>
      <ItemCode>7290011081690</ItemCode>
      <ItemType>1</ItemType>
      <ItemName>קרמיסימו פרווה מייפל</ItemName>
      <ManufactureName>גלידות שטראוס בעמ</ManufactureName>
      <ManufactureCountry />
      <ManufactureItemDescription />
      <UnitQty>י"ח</UnitQty>
      <Quantity>1.33</Quantity>
      <UnitMeasure>ליטר</UnitMeasure>
      <BisWeighted>0</BisWeighted>
      <QtyInPackage>1</QtyInPackage>
      <ItemPrice>18.90</ItemPrice>
      <UnitOfMeasurePrice>14.21</UnitOfMeasurePrice>
      <AllowDiscount>0</AllowDiscount>
      <itemStatus>1</itemStatus>
      <LastUpdateDate />
      <LastUpdateTime />
    </Product>
    <Product>
      <PriceUpdateDate>2019/12/04 14:54</PriceUpdateDate>
      <ItemCode>7290011115203</ItemCode>
      <ItemType>1</ItemType>
      <ItemName>סבון רביעיה לילך</ItemName>
      <ManufactureName>החב הדרומית לשיווק</ManufactureName>
      <ManufactureCountry />
      <ManufactureItemDescription />
      <UnitQty>י"ח</UnitQty>
      <Quantity>400</Quantity>
      <UnitMeasure>ל  גרם</UnitMeasure>
      <BisWeighted>0</BisWeighted>
      <QtyInPackage>1</QtyInPackage>
      <ItemPrice>12.90</ItemPrice>
      <UnitOfMeasurePrice>3.23</UnitOfMeasurePrice>
      <AllowDiscount>0</AllowDiscount>
      <itemStatus>1</itemStatus>
      <LastUpdateDate />
      <LastUpdateTime />
    </Product>
    <Product>
      <PriceUpdateDate>2018/12/17 14:50</PriceUpdateDate>
      <ItemCode>7290011126469</ItemCode>
      <ItemType>1</ItemType>
      <ItemName>חליטת קמומיל ודבש גן קסום</ItemName>
      <ManufactureName>תה ויסוצקי (ישראל)בעמ</ManufactureName>
      <ManufactureCountry />
      <ManufactureItemDescription />
      <UnitQty>י"ח</UnitQty>
      <Quantity>37.50</Quantity>
      <UnitMeasure>ל  גרם</UnitMeasure>
      <BisWeighted>0</BisWeighted>
      <QtyInPackage>1</QtyInPackage>
      <ItemPrice>17.90</ItemPrice>
      <UnitOfMeasurePrice>47.73</UnitOfMeasurePrice>
      <AllowDiscount>0</AllowDiscount>
      <itemStatus>1</itemStatus>
      <LastUpdateDate />
      <LastUpdateTime />
    </Product>
    <Product>
      <PriceUpdateDate>2019/05/27 08:52</PriceUpdateDate>
      <ItemCode>7290011133368</ItemCode>
      <ItemType>1</ItemType>
      <ItemName> שנדי(מכבי) שישיות טעם תפוח 330מ"ל</ItemName>
      <ManufactureName>טמפו משקאות בעמ</ManufactureName>
      <ManufactureCountry />
      <ManufactureItemDescription />
      <UnitQty>י"ח</UnitQty>
      <Quantity>330</Quantity>
      <UnitMeasure>ל  מ"ל</UnitMeasure>
      <BisWeighted>0</BisWeighted>
      <QtyInPackage>1</QtyInPackage>
      <ItemPrice>35.90</ItemPrice>
      <UnitOfMeasurePrice>10.33</UnitOfMeasurePrice>
      <AllowDiscount>1</AllowDiscount>
      <itemStatus>1</itemStatus>
      <LastUpdateDate />
      <LastUpdateTime />
    </Product>
    <Product>
      <PriceUpdateDate>2014/06/05 11:38</PriceUpdateDate>
      <ItemCode>7290011133498</ItemCode>
      <ItemType>1</ItemType>
      <ItemName>שנדי טעם תפוח 330מ"ל בודד</ItemName>
      <ManufactureName>טמפו משקאות בעמ</ManufactureName>
      <ManufactureCountry />
      <ManufactureItemDescription />
      <UnitQty>י"ח</UnitQty>
      <Quantity>330</Quantity>
      <UnitMeasure>ל  מ"ל</UnitMeasure>
      <BisWeighted>0</BisWeighted>
      <QtyInPackage>1</QtyInPackage>
      <ItemPrice>7.20</ItemPrice>
      <UnitOfMeasurePrice>2.09</UnitOfMeasurePrice>
      <AllowDiscount>1</AllowDiscount>
      <itemStatus>1</itemStatus>
      <LastUpdateDate />
      <LastUpdateTime />
    </Product>
    <Product>
      <PriceUpdateDate>2019/02/17 18:14</PriceUpdateDate>
      <ItemCode>7290011142032</ItemCode>
      <ItemType>1</ItemType>
      <ItemName>לחם שיפון ביתי 630גר</ItemName>
      <ManufactureName>מאפיית דואט בעמ</ManufactureName>
      <ManufactureCountry />
      <ManufactureItemDescription />
      <UnitQty>י"ח</UnitQty>
      <Quantity>630</Quantity>
      <UnitMeasure>ל  גרם</UnitMeasure>
      <BisWeighted>0</BisWeighted>
      <QtyInPackage>1</QtyInPackage>
      <ItemPrice>10.90</ItemPrice>
      <UnitOfMeasurePrice>1.73</UnitOfMeasurePrice>
      <AllowDiscount>0</AllowDiscount>
      <itemStatus>1</itemStatus>
      <LastUpdateDate />
      <LastUpdateTime />
    </Product>
    <Product>
      <PriceUpdateDate>2019/02/17 18:14</PriceUpdateDate>
      <ItemCode>7290011142049</ItemCode>
      <ItemType>1</ItemType>
      <ItemName>לחם דגנים 630גר</ItemName>
      <ManufactureName>מאפיית דואט בעמ</ManufactureName>
      <ManufactureCountry />
      <ManufactureItemDescription />
      <UnitQty>י"ח</UnitQty>
      <Quantity>630</Quantity>
      <UnitMeasure>ל  גרם</UnitMeasure>
      <BisWeighted>0</BisWeighted>
      <QtyInPackage>1</QtyInPackage>
      <ItemPrice>10.90</ItemPrice>
      <UnitOfMeasurePrice>1.73</UnitOfMeasurePrice>
      <AllowDiscount>0</AllowDiscount>
      <itemStatus>1</itemStatus>
      <LastUpdateDate />
      <LastUpdateTime />
    </Product>
    <Product>
      <PriceUpdateDate>2019/02/17 18:14</PriceUpdateDate>
      <ItemCode>7290011142414</ItemCode>
      <ItemType>1</ItemType>
      <ItemName>לחם בריאות 630גר</ItemName>
      <ManufactureName>מאפיית דואט בעמ</ManufactureName>
      <ManufactureCountry />
      <ManufactureItemDescription />
      <UnitQty>י"ח</UnitQty>
      <Quantity>630</Quantity>
      <UnitMeasure>ל  גרם</UnitMeasure>
      <BisWeighted>0</BisWeighted>
      <QtyInPackage>1</QtyInPackage>
      <ItemPrice>10.90</ItemPrice>
      <UnitOfMeasurePrice>1.73</UnitOfMeasurePrice>
      <AllowDiscount>0</AllowDiscount>
      <itemStatus>1</itemStatus>
      <LastUpdateDate />
      <LastUpdateTime />
    </Product>
    <Product>
      <PriceUpdateDate>2019/02/17 18:14</PriceUpdateDate>
      <ItemCode>7290011142650</ItemCode>
      <ItemType>1</ItemType>
      <ItemName>לחם שיפון 100% 900גר</ItemName>
      <ManufactureName>מאפיית דואט בעמ</ManufactureName>
      <ManufactureCountry />
      <ManufactureItemDescription />
      <UnitQty>י"ח</UnitQty>
      <Quantity>900</Quantity>
      <UnitMeasure>ל  גרם</UnitMeasure>
      <BisWeighted>0</BisWeighted>
      <QtyInPackage>1</QtyInPackage>
      <ItemPrice>15.90</ItemPrice>
      <UnitOfMeasurePrice>1.77</UnitOfMeasurePrice>
      <AllowDiscount>0</AllowDiscount>
      <itemStatus>1</itemStatus>
      <LastUpdateDate />
      <LastUpdateTime />
    </Product>
    <Product>
      <PriceUpdateDate>2020/04/26 08:08</PriceUpdateDate>
      <ItemCode>7290011148805</ItemCode>
      <ItemType>1</ItemType>
      <ItemName>שעועית ארוזה</ItemName>
      <ManufactureName>ביכורי הנגב מ.ד בעמ</ManufactureName>
      <ManufactureCountry />
      <ManufactureItemDescription />
      <UnitQty>י"ח</UnitQty>
      <Quantity>1</Quantity>
      <UnitMeasure />
      <BisWeighted>0</BisWeighted>
      <QtyInPackage>1</QtyInPackage>
      <ItemPrice>19.90</ItemPrice>
      <UnitOfMeasurePrice>19.90</UnitOfMeasurePrice>
      <AllowDiscount>0</AllowDiscount>
      <itemStatus>1</itemStatus>
      <LastUpdateDate />
      <LastUpdateTime />
    </Product>
    <Product>
      <PriceUpdateDate>2017/06/02 09:08</PriceUpdateDate>
      <ItemCode>7290011154301</ItemCode>
      <ItemType>1</ItemType>
      <ItemName>ממרח תמרים הרב לנדאו 450גר`</ItemName>
      <ManufactureName>דין שיווק וקליהבעמ</ManufactureName>
      <ManufactureCountry />
      <ManufactureItemDescription />
      <UnitQty>י"ח</UnitQty>
      <Quantity>450</Quantity>
      <UnitMeasure>ל  גרם</UnitMeasure>
      <BisWeighted>0</BisWeighted>
      <QtyInPackage>1</QtyInPackage>
      <ItemPrice>6.90</ItemPrice>
      <UnitOfMeasurePrice>1.53</UnitOfMeasurePrice>
      <AllowDiscount>0</AllowDiscount>
      <itemStatus>1</itemStatus>
      <LastUpdateDate />
      <LastUpdateTime />
    </Product>
    <Product>
      <PriceUpdateDate>2013/12/25 14:01</PriceUpdateDate>
      <ItemCode>7290011174163</ItemCode>
      <ItemType>1</ItemType>
      <ItemName>תירס  ואקום}פריגליל{</ItemName>
      <ManufactureName>ויטה- פרי גליל (החדשה) בעמ</ManufactureName>
      <ManufactureCountry />
      <ManufactureItemDescription />
      <UnitQty>י"ח</UnitQty>
      <Quantity>450</Quantity>
      <UnitMeasure>ל  גרם</UnitMeasure>
      <BisWeighted>0</BisWeighted>
      <QtyInPackage>1</QtyInPackage>
      <ItemPrice>5.50</ItemPrice>
      <UnitOfMeasurePrice>1.22</UnitOfMeasurePrice>
      <AllowDiscount>0</AllowDiscount>
      <itemStatus>1</itemStatus>
      <LastUpdateDate />
      <LastUpdateTime />
    </Product>
    <Product>
      <PriceUpdateDate>2015/11/05 16:18</PriceUpdateDate>
      <ItemCode>7290011194215</ItemCode>
      <ItemType>1</ItemType>
      <ItemName>דניאלה בננה</ItemName>
      <ManufactureName>שטראוס גרופ ***בעמ</ManufactureName>
      <ManufactureCountry />
      <ManufactureItemDescription />
      <UnitQty>י"ח</UnitQty>
      <Quantity>150</Quantity>
      <UnitMeasure>ל  מ"ל</UnitMeasure>
      <BisWeighted>0</BisWeighted>
      <QtyInPackage>1</QtyInPackage>
      <ItemPrice>4.30</ItemPrice>
      <UnitOfMeasurePrice>2.87</UnitOfMeasurePrice>
      <AllowDiscount>0</AllowDiscount>
      <itemStatus>1</itemStatus>
      <LastUpdateDate />
      <LastUpdateTime />
    </Product>
    <Product>
      <PriceUpdateDate>2014/04/14 09:54</PriceUpdateDate>
      <ItemCode>7290011194246</ItemCode>
      <ItemType>1</ItemType>
      <ItemName>קוטג  5% עם סידן שטראוס</ItemName>
      <ManufactureName>שטראוס גרופ ***בעמ</ManufactureName>
      <ManufactureCountry />
      <ManufactureItemDescription />
      <UnitQty>י"ח</UnitQty>
      <Quantity>250</Quantity>
      <UnitMeasure>ל  גרם</UnitMeasure>
      <BisWeighted>0</BisWeighted>
      <QtyInPackage>1</QtyInPackage>
      <ItemPrice>5.90</ItemPrice>
      <UnitOfMeasurePrice>2.36</UnitOfMeasurePrice>
      <AllowDiscount>0</AllowDiscount>
      <itemStatus>1</itemStatus>
      <LastUpdateDate />
      <LastUpdateTime />
    </Product>
    <Product>
      <PriceUpdateDate>2019/06/03 12:05</PriceUpdateDate>
      <ItemCode>7290011223038</ItemCode>
      <ItemType>1</ItemType>
      <ItemName>עלים לקרמשניט 300 גרם</ItemName>
      <ManufactureName>דנשר (1963) בעמ</ManufactureName>
      <ManufactureCountry />
      <ManufactureItemDescription />
      <UnitQty>י"ח</UnitQty>
      <Quantity>400</Quantity>
      <UnitMeasure>ל  גרם</UnitMeasure>
      <BisWeighted>0</BisWeighted>
      <QtyInPackage>1</QtyInPackage>
      <ItemPrice>14.90</ItemPrice>
      <UnitOfMeasurePrice>3.73</UnitOfMeasurePrice>
      <AllowDiscount>0</AllowDiscount>
      <itemStatus>1</itemStatus>
      <LastUpdateDate />
      <LastUpdateTime />
    </Product>
    <Product>
      <PriceUpdateDate>2018/02/27 17:13</PriceUpdateDate>
      <ItemCode>7290011223205</ItemCode>
      <ItemType>1</ItemType>
      <ItemName>ריבת חלב 454 גרם</ItemName>
      <ManufactureName>דנשר (1963) בעמ</ManufactureName>
      <ManufactureCountry />
      <ManufactureItemDescription />
      <UnitQty>י"ח</UnitQty>
      <Quantity>454</Quantity>
      <UnitMeasure>ל  גרם</UnitMeasure>
      <BisWeighted>0</BisWeighted>
      <QtyInPackage>1</QtyInPackage>
      <ItemPrice>14.90</ItemPrice>
      <UnitOfMeasurePrice>3.28</UnitOfMeasurePrice>
      <AllowDiscount>0</AllowDiscount>
      <itemStatus>1</itemStatus>
      <LastUpdateDate />
      <LastUpdateTime />
    </Product>
    <Product>
      <PriceUpdateDate>2015/12/13 18:01</PriceUpdateDate>
      <ItemCode>7290011236649</ItemCode>
      <ItemType>1</ItemType>
      <ItemName>חטיפי שוקולד צ יפס בלגי 300 גרם</ItemName>
      <ManufactureName>דין שיווק וקליהבעמ</ManufactureName>
      <ManufactureCountry />
      <ManufactureItemDescription />
      <UnitQty>י"ח</UnitQty>
      <Quantity>300</Quantity>
      <UnitMeasure>ל  גרם</UnitMeasure>
      <BisWeighted>0</BisWeighted>
      <QtyInPackage>1</QtyInPackage>
      <ItemPrice>11.90</ItemPrice>
      <UnitOfMeasurePrice>3.97</UnitOfMeasurePrice>
      <AllowDiscount>0</AllowDiscount>
      <itemStatus>1</itemStatus>
      <LastUpdateDate />
      <LastUpdateTime />
    </Product>
    <Product>
      <PriceUpdateDate>2013/06/04 16:21</PriceUpdateDate>
      <ItemCode>7290011249090</ItemCode>
      <ItemType>1</ItemType>
      <ItemName>וופל בלגי טעם שוקולד 200גר`</ItemName>
      <ManufactureName>דין שיווק *****</ManufactureName>
      <ManufactureCountry />
      <ManufactureItemDescription />
      <UnitQty>י"ח</UnitQty>
      <Quantity>200</Quantity>
      <UnitMeasure>ל  גרם</UnitMeasure>
      <BisWeighted>0</BisWeighted>
      <QtyInPackage>1</QtyInPackage>
      <ItemPrice>4</ItemPrice>
      <UnitOfMeasurePrice>2</UnitOfMeasurePrice>
      <AllowDiscount>1</AllowDiscount>
      <itemStatus>1</itemStatus>
      <LastUpdateDate />
      <LastUpdateTime />
    </Product>
    <Product>
      <PriceUpdateDate>2015/07/19 13:00</PriceUpdateDate>
      <ItemCode>7290011249212</ItemCode>
      <ItemType>1</ItemType>
      <ItemName>ופל בטעם לימון 200ג</ItemName>
      <ManufactureName>ח.כהן סוכנות מזון ומשקאות בע</ManufactureName>
      <ManufactureCountry />
      <ManufactureItemDescription />
      <UnitQty>י"ח</UnitQty>
      <Quantity>200</Quantity>
      <UnitMeasure>ל  גרם</UnitMeasure>
      <BisWeighted>0</BisWeighted>
      <QtyInPackage>1</QtyInPackage>
      <ItemPrice>3.20</ItemPrice>
      <UnitOfMeasurePrice>1.60</UnitOfMeasurePrice>
      <AllowDiscount>0</AllowDiscount>
      <itemStatus>1</itemStatus>
      <LastUpdateDate />
      <LastUpdateTime />
    </Product>
    <Product>
      <PriceUpdateDate>2016/02/15 14:57</PriceUpdateDate>
      <ItemCode>7290011249748</ItemCode>
      <ItemType>1</ItemType>
      <ItemName>רולים שוקולד  100גרם גילרו</ItemName>
      <ManufactureName>ח.כהן סוכנות מזון ומשקאות בע</ManufactureName>
      <ManufactureCountry />
      <ManufactureItemDescription />
      <UnitQty>י"ח</UnitQty>
      <Quantity>100</Quantity>
      <UnitMeasure>ל  גרם</UnitMeasure>
      <BisWeighted>0</BisWeighted>
      <QtyInPackage>1</QtyInPackage>
      <ItemPrice>2.90</ItemPrice>
      <UnitOfMeasurePrice>2.90</UnitOfMeasurePrice>
      <AllowDiscount>1</AllowDiscount>
      <itemStatus>1</itemStatus>
      <LastUpdateDate />
      <LastUpdateTime />
    </Product>
    <Product>
      <PriceUpdateDate>2016/02/15 14:57</PriceUpdateDate>
      <ItemCode>7290011249755</ItemCode>
      <ItemType>1</ItemType>
      <ItemName>רולים אגוזים  100גרם גילרו</ItemName>
      <ManufactureName>ח.כהן סוכנות מזון ומשקאות בע</ManufactureName>
      <ManufactureCountry />
      <ManufactureItemDescription />
      <UnitQty>י"ח</UnitQty>
      <Quantity>100</Quantity>
      <UnitMeasure>ל  גרם</UnitMeasure>
      <BisWeighted>0</BisWeighted>
      <QtyInPackage>1</QtyInPackage>
      <ItemPrice>2.90</ItemPrice>
      <UnitOfMeasurePrice>2.90</UnitOfMeasurePrice>
      <AllowDiscount>1</AllowDiscount>
      <itemStatus>1</itemStatus>
      <LastUpdateDate />
      <LastUpdateTime />
    </Product>
    <Product>
      <PriceUpdateDate>2015/05/13 11:52</PriceUpdateDate>
      <ItemCode>7290011249878</ItemCode>
      <ItemType>1</ItemType>
      <ItemName>וופל בלגי ללא תוספת סוכר טעם שוקולד 200</ItemName>
      <ManufactureName>דין שיווק *****</ManufactureName>
      <ManufactureCountry />
      <ManufactureItemDescription />
      <UnitQty>י"ח</UnitQty>
      <Quantity>200</Quantity>
      <UnitMeasure>ל  גרם</UnitMeasure>
      <BisWeighted>0</BisWeighted>
      <QtyInPackage>1</QtyInPackage>
      <ItemPrice>6.60</ItemPrice>
      <UnitOfMeasurePrice>3.30</UnitOfMeasurePrice>
      <AllowDiscount>0</AllowDiscount>
      <itemStatus>1</itemStatus>
      <LastUpdateDate />
      <LastUpdateTime />
    </Product>
    <Product>
      <PriceUpdateDate>2013/12/11 16:31</PriceUpdateDate>
      <ItemCode>7290011254094</ItemCode>
      <ItemType>1</ItemType>
      <ItemName>כמון 80גר</ItemName>
      <ManufactureName>מיה תעשיות מזון מ.ת.מ בעמ</ManufactureName>
      <ManufactureCountry />
      <ManufactureItemDescription />
      <UnitQty>י"ח</UnitQty>
      <Quantity>80</Quantity>
      <UnitMeasure>ל  גרם</UnitMeasure>
      <BisWeighted>0</BisWeighted>
      <QtyInPackage>1</QtyInPackage>
      <ItemPrice>4.30</ItemPrice>
      <UnitOfMeasurePrice>5.38</UnitOfMeasurePrice>
      <AllowDiscount>0</AllowDiscount>
      <itemStatus>1</itemStatus>
      <LastUpdateDate />
      <LastUpdateTime />
    </Product>
    <Product>
      <PriceUpdateDate>2013/12/11 16:26</PriceUpdateDate>
      <ItemCode>7290011254117</ItemCode>
      <ItemType>1</ItemType>
      <ItemName>פפריקה מתוקה 80גרם</ItemName>
      <ManufactureName>מיה תעשיות מזון מ.ת.מ בעמ</ManufactureName>
      <ManufactureCountry />
      <ManufactureItemDescription />
      <UnitQty>י"ח</UnitQty>
      <Quantity>80</Quantity>
      <UnitMeasure>ל  גרם</UnitMeasure>
      <BisWeighted>0</BisWeighted>
      <QtyInPackage>1</QtyInPackage>
      <ItemPrice>5</ItemPrice>
      <UnitOfMeasurePrice>6.25</UnitOfMeasurePrice>
      <AllowDiscount>0</AllowDiscount>
      <itemStatus>1</itemStatus>
      <LastUpdateDate />
      <LastUpdateTime />
    </Product>
    <Product>
      <PriceUpdateDate>2013/12/12 10:42</PriceUpdateDate>
      <ItemCode>7290011254179</ItemCode>
      <ItemType>1</ItemType>
      <ItemName>גריל עוף שקית חדש</ItemName>
      <ManufactureName>מיה תעשיות מזון מ.ת.מ בעמ</ManufactureName>
      <ManufactureCountry />
      <ManufactureItemDescription />
      <UnitQty>י"ח</UnitQty>
      <Quantity>80</Quantity>
      <UnitMeasure>ל  גרם</UnitMeasure>
      <BisWeighted>0</BisWeighted>
      <QtyInPackage>1</QtyInPackage>
      <ItemPrice>4.10</ItemPrice>
      <UnitOfMeasurePrice>5.13</UnitOfMeasurePrice>
      <AllowDiscount>0</AllowDiscount>
      <itemStatus>1</itemStatus>
      <LastUpdateDate />
      <LastUpdateTime />
    </Product>
    <Product>
      <PriceUpdateDate>2017/04/23 14:20</PriceUpdateDate>
      <ItemCode>7290011254346</ItemCode>
      <ItemType>1</ItemType>
      <ItemName>קינואה 1 ק"ג</ItemName>
      <ManufactureName>מיה תעשיות מזון מ.ת.מ בעמ</ManufactureName>
      <ManufactureCountry />
      <ManufactureItemDescription />
      <UnitQty>י"ח</UnitQty>
      <Quantity>1</Quantity>
      <UnitMeasure>ק"ג</UnitMeasure>
      <BisWeighted>0</BisWeighted>
      <QtyInPackage>1</QtyInPackage>
      <ItemPrice>26.90</ItemPrice>
      <UnitOfMeasurePrice>26.90</UnitOfMeasurePrice>
      <AllowDiscount>0</AllowDiscount>
      <itemStatus>1</itemStatus>
      <LastUpdateDate />
      <LastUpdateTime />
    </Product>
    <Product>
      <PriceUpdateDate>2015/12/29 13:20</PriceUpdateDate>
      <ItemCode>7290011254452</ItemCode>
      <ItemType>1</ItemType>
      <ItemName>סוכריות ללא סוכר מנטה</ItemName>
      <ManufactureName>מיה תעשיות מזון מ.ת.מ בעמ</ManufactureName>
      <ManufactureCountry />
      <ManufactureItemDescription />
      <UnitQty>י"ח</UnitQty>
      <Quantity>1</Quantity>
      <UnitMeasure />
      <BisWeighted>0</BisWeighted>
      <QtyInPackage>1</QtyInPackage>
      <ItemPrice>6.50</ItemPrice>
      <UnitOfMeasurePrice>6.50</UnitOfMeasurePrice>
      <AllowDiscount>0</AllowDiscount>
      <itemStatus>1</itemStatus>
      <LastUpdateDate />
      <LastUpdateTime />
    </Product>
    <Product>
      <PriceUpdateDate>2015/12/29 13:20</PriceUpdateDate>
      <ItemCode>7290011254476</ItemCode>
      <ItemType>1</ItemType>
      <ItemName>סוכריות ללא סוכר תפוח</ItemName>
      <ManufactureName>מיה תעשיות מזון מ.ת.מ בעמ</ManufactureName>
      <ManufactureCountry />
      <ManufactureItemDescription />
      <UnitQty>י"ח</UnitQty>
      <Quantity>1</Quantity>
      <UnitMeasure />
      <BisWeighted>0</BisWeighted>
      <QtyInPackage>1</QtyInPackage>
      <ItemPrice>6.50</ItemPrice>
      <UnitOfMeasurePrice>6.50</UnitOfMeasurePrice>
      <AllowDiscount>0</AllowDiscount>
      <itemStatus>1</itemStatus>
      <LastUpdateDate />
      <LastUpdateTime />
    </Product>
    <Product>
      <PriceUpdateDate>2015/12/29 13:20</PriceUpdateDate>
      <ItemCode>7290011254490</ItemCode>
      <ItemType>1</ItemType>
      <ItemName>סוכריות ללא סוכר פירות</ItemName>
      <ManufactureName>מיה תעשיות מזון מ.ת.מ בעמ</ManufactureName>
      <ManufactureCountry />
      <ManufactureItemDescription />
      <UnitQty>י"ח</UnitQty>
      <Quantity>1</Quantity>
      <UnitMeasure />
      <BisWeighted>0</BisWeighted>
      <QtyInPackage>1</QtyInPackage>
      <ItemPrice>6.50</ItemPrice>
      <UnitOfMeasurePrice>6.50</UnitOfMeasurePrice>
      <AllowDiscount>0</AllowDiscount>
      <itemStatus>1</itemStatus>
      <LastUpdateDate />
      <LastUpdateTime />
    </Product>
    <Product>
      <PriceUpdateDate>2015/03/06 08:50</PriceUpdateDate>
      <ItemCode>7290011254605</ItemCode>
      <ItemType>1</ItemType>
      <ItemName>תערובת לקדירה לקט 600 ג</ItemName>
      <ManufactureName>מיה תעשיות מזון מ.ת.מ בעמ</ManufactureName>
      <ManufactureCountry />
      <ManufactureItemDescription />
      <UnitQty>י"ח</UnitQty>
      <Quantity>600</Quantity>
      <UnitMeasure>ל  גרם</UnitMeasure>
      <BisWeighted>0</BisWeighted>
      <QtyInPackage>1</QtyInPackage>
      <ItemPrice>12.90</ItemPrice>
      <UnitOfMeasurePrice>2.15</UnitOfMeasurePrice>
      <AllowDiscount>0</AllowDiscount>
      <itemStatus>1</itemStatus>
      <LastUpdateDate />
      <LastUpdateTime />
    </Product>
    <Product>
      <PriceUpdateDate>2015/03/06 08:50</PriceUpdateDate>
      <ItemCode>7290011254612</ItemCode>
      <ItemType>1</ItemType>
      <ItemName>תערובת לקדירה לקט 600 ג</ItemName>
      <ManufactureName>מיה תעשיות מזון מ.ת.מ בעמ</ManufactureName>
      <ManufactureCountry />
      <ManufactureItemDescription />
      <UnitQty>י"ח</UnitQty>
      <Quantity>600</Quantity>
      <UnitMeasure>ל  גרם</UnitMeasure>
      <BisWeighted>0</BisWeighted>
      <QtyInPackage>1</QtyInPackage>
      <ItemPrice>12.90</ItemPrice>
      <UnitOfMeasurePrice>2.15</UnitOfMeasurePrice>
      <AllowDiscount>0</AllowDiscount>
      <itemStatus>1</itemStatus>
      <LastUpdateDate />
      <LastUpdateTime />
    </Product>
    <Product>
      <PriceUpdateDate>2019/01/08 11:03</PriceUpdateDate>
      <ItemCode>7290011254698</ItemCode>
      <ItemType>1</ItemType>
      <ItemName>שמן זית 750מ"ל  מיה בד"ץ</ItemName>
      <ManufactureName>מיה תעשיות מזון מ.ת.מ בעמ</ManufactureName>
      <ManufactureCountry />
      <ManufactureItemDescription />
      <UnitQty>י"ח</UnitQty>
      <Quantity>750</Quantity>
      <UnitMeasure>ל  מ"ל</UnitMeasure>
      <BisWeighted>0</BisWeighted>
      <QtyInPackage>1</QtyInPackage>
      <ItemPrice>33.90</ItemPrice>
      <UnitOfMeasurePrice>4.52</UnitOfMeasurePrice>
      <AllowDiscount>1</AllowDiscount>
      <itemStatus>1</itemStatus>
      <LastUpdateDate />
      <LastUpdateTime />
    </Product>
    <Product>
      <PriceUpdateDate>2017/12/31 11:40</PriceUpdateDate>
      <ItemCode>7290011276485</ItemCode>
      <ItemType>1</ItemType>
      <ItemName>חסה עגולה</ItemName>
      <ManufactureName>ביכורי הנגב מ.ד בעמ</ManufactureName>
      <ManufactureCountry />
      <ManufactureItemDescription />
      <UnitQty>י"ח</UnitQty>
      <Quantity>1</Quantity>
      <UnitMeasure />
      <BisWeighted>0</BisWeighted>
      <QtyInPackage>1</QtyInPackage>
      <ItemPrice>6.90</ItemPrice>
      <UnitOfMeasurePrice>6.90</UnitOfMeasurePrice>
      <AllowDiscount>1</AllowDiscount>
      <itemStatus>1</itemStatus>
      <LastUpdateDate />
      <LastUpdateTime />
    </Product>
    <Product>
      <PriceUpdateDate>2016/10/30 13:32</PriceUpdateDate>
      <ItemCode>7290011276669</ItemCode>
      <ItemType>1</ItemType>
      <ItemName>סלרי מהדרין</ItemName>
      <ManufactureName>ביכורי הנגב מ.ד בעמ</ManufactureName>
      <ManufactureCountry />
      <ManufactureItemDescription />
      <UnitQty>י"ח</UnitQty>
      <Quantity>1</Quantity>
      <UnitMeasure />
      <BisWeighted>0</BisWeighted>
      <QtyInPackage>1</QtyInPackage>
      <ItemPrice>6.90</ItemPrice>
      <UnitOfMeasurePrice>6.90</UnitOfMeasurePrice>
      <AllowDiscount>1</AllowDiscount>
      <itemStatus>1</itemStatus>
      <LastUpdateDate />
      <LastUpdateTime />
    </Product>
    <Product>
      <PriceUpdateDate>2016/10/30 13:43</PriceUpdateDate>
      <ItemCode>7290011276737</ItemCode>
      <ItemType>1</ItemType>
      <ItemName>חסה ערבית מהדרן</ItemName>
      <ManufactureName>ביכורי הנגב מ.ד בעמ</ManufactureName>
      <ManufactureCountry />
      <ManufactureItemDescription />
      <UnitQty>י"ח</UnitQty>
      <Quantity>1</Quantity>
      <UnitMeasure />
      <BisWeighted>0</BisWeighted>
      <QtyInPackage>1</QtyInPackage>
      <ItemPrice>6.90</ItemPrice>
      <UnitOfMeasurePrice>6.90</UnitOfMeasurePrice>
      <AllowDiscount>1</AllowDiscount>
      <itemStatus>1</itemStatus>
      <LastUpdateDate />
      <LastUpdateTime />
    </Product>
    <Product>
      <PriceUpdateDate>2014/02/03 18:31</PriceUpdateDate>
      <ItemCode>7290011300982</ItemCode>
      <ItemType>1</ItemType>
      <ItemName>סבון נוזלי כחול אושן  500מ"ל</ItemName>
      <ManufactureName>פנינה רוזנבלום בעמ</ManufactureName>
      <ManufactureCountry />
      <ManufactureItemDescription />
      <UnitQty>י"ח</UnitQty>
      <Quantity>0.50</Quantity>
      <UnitMeasure>ליטר</UnitMeasure>
      <BisWeighted>0</BisWeighted>
      <QtyInPackage>1</QtyInPackage>
      <ItemPrice>6.10</ItemPrice>
      <UnitOfMeasurePrice>12.20</UnitOfMeasurePrice>
      <AllowDiscount>1</AllowDiscount>
      <itemStatus>1</itemStatus>
      <LastUpdateDate />
      <LastUpdateTime />
    </Product>
    <Product>
      <PriceUpdateDate>2019/12/08 10:11</PriceUpdateDate>
      <ItemCode>7290011435226</ItemCode>
      <ItemType>1</ItemType>
      <ItemName>דבש  לחיץ 650 גר`יד מרדכי</ItemName>
      <ManufactureName>שטראוס גרופ בעמ</ManufactureName>
      <ManufactureCountry />
      <ManufactureItemDescription />
      <UnitQty>י"ח</UnitQty>
      <Quantity>650</Quantity>
      <UnitMeasure>ל  גרם</UnitMeasure>
      <BisWeighted>0</BisWeighted>
      <QtyInPackage>1</QtyInPackage>
      <ItemPrice>34.90</ItemPrice>
      <UnitOfMeasurePrice>5.37</UnitOfMeasurePrice>
      <AllowDiscount>0</AllowDiscount>
      <itemStatus>1</itemStatus>
      <LastUpdateDate />
      <LastUpdateTime />
    </Product>
    <Product>
      <PriceUpdateDate>2013/12/24 16:05</PriceUpdateDate>
      <ItemCode>7290011438142</ItemCode>
      <ItemType>1</ItemType>
      <ItemName>משקה חלב טעם קפה 350 מ"ל</ItemName>
      <ManufactureName>שטראוס גרופ ***בעמ</ManufactureName>
      <ManufactureCountry />
      <ManufactureItemDescription />
      <UnitQty>י"ח</UnitQty>
      <Quantity>350</Quantity>
      <UnitMeasure>ל  מ"ל</UnitMeasure>
      <BisWeighted>0</BisWeighted>
      <QtyInPackage>1</QtyInPackage>
      <ItemPrice>6.40</ItemPrice>
      <UnitOfMeasurePrice>1.83</UnitOfMeasurePrice>
      <AllowDiscount>0</AllowDiscount>
      <itemStatus>1</itemStatus>
      <LastUpdateDate />
      <LastUpdateTime />
    </Product>
    <Product>
      <PriceUpdateDate>2020/01/28 22:19</PriceUpdateDate>
      <ItemCode>7290011447120</ItemCode>
      <ItemType>1</ItemType>
      <ItemName>מטרנה מהדרין חלב ישראל700</ItemName>
      <ManufactureName>קבוצת אוסם סחר-שות.מוגבלת</ManufactureName>
      <ManufactureCountry />
      <ManufactureItemDescription />
      <UnitQty>י"ח</UnitQty>
      <Quantity>700</Quantity>
      <UnitMeasure>ל  גרם</UnitMeasure>
      <BisWeighted>0</BisWeighted>
      <QtyInPackage>1</QtyInPackage>
      <ItemPrice>49.90</ItemPrice>
      <UnitOfMeasurePrice>7.13</UnitOfMeasurePrice>
      <AllowDiscount>0</AllowDiscount>
      <itemStatus>1</itemStatus>
      <LastUpdateDate />
      <LastUpdateTime />
    </Product>
    <Product>
      <PriceUpdateDate>2020/01/28 22:17</PriceUpdateDate>
      <ItemCode>7290011447281</ItemCode>
      <ItemType>1</ItemType>
      <ItemName>מטרנה פרימיום א.חסכון שלב 2</ItemName>
      <ManufactureName>קבוצת אוסם סחר-שות.מוגבלת</ManufactureName>
      <ManufactureCountry />
      <ManufactureItemDescription />
      <UnitQty>י"ח</UnitQty>
      <Quantity>700</Quantity>
      <UnitMeasure>ל  גרם</UnitMeasure>
      <BisWeighted>0</BisWeighted>
      <QtyInPackage>1</QtyInPackage>
      <ItemPrice>54.90</ItemPrice>
      <UnitOfMeasurePrice>7.84</UnitOfMeasurePrice>
      <AllowDiscount>1</AllowDiscount>
      <itemStatus>1</itemStatus>
      <LastUpdateDate />
      <LastUpdateTime />
    </Product>
    <Product>
      <PriceUpdateDate>2020/01/28 22:17</PriceUpdateDate>
      <ItemCode>7290011447304</ItemCode>
      <ItemType>1</ItemType>
      <ItemName>מטרנה פרימיום א.חסכוןשלב 3</ItemName>
      <ManufactureName>קבוצת אוסם סחר-שות.מוגבלת</ManufactureName>
      <ManufactureCountry />
      <ManufactureItemDescription />
      <UnitQty>י"ח</UnitQty>
      <Quantity>700</Quantity>
      <UnitMeasure>ל  גרם</UnitMeasure>
      <BisWeighted>0</BisWeighted>
      <QtyInPackage>1</QtyInPackage>
      <ItemPrice>54.90</ItemPrice>
      <UnitOfMeasurePrice>7.84</UnitOfMeasurePrice>
      <AllowDiscount>1</AllowDiscount>
      <itemStatus>1</itemStatus>
      <LastUpdateDate />
      <LastUpdateTime />
    </Product>
    <Product>
      <PriceUpdateDate>2020/01/28 22:18</PriceUpdateDate>
      <ItemCode>7290011447359</ItemCode>
      <ItemType>1</ItemType>
      <ItemName>מטרנה מהדרין חסכונית 1</ItemName>
      <ManufactureName>קבוצת אוסם סחר-שות.מוגבלת</ManufactureName>
      <ManufactureCountry />
      <ManufactureItemDescription />
      <UnitQty>י"ח</UnitQty>
      <Quantity>700</Quantity>
      <UnitMeasure>ל  גרם</UnitMeasure>
      <BisWeighted>0</BisWeighted>
      <QtyInPackage>1</QtyInPackage>
      <ItemPrice>54.90</ItemPrice>
      <UnitOfMeasurePrice>7.84</UnitOfMeasurePrice>
      <AllowDiscount>1</AllowDiscount>
      <itemStatus>1</itemStatus>
      <LastUpdateDate />
      <LastUpdateTime />
    </Product>
    <Product>
      <PriceUpdateDate>2020/01/28 22:18</PriceUpdateDate>
      <ItemCode>7290011447373</ItemCode>
      <ItemType>1</ItemType>
      <ItemName>מטרנה מהדרין חיסכון} {2</ItemName>
      <ManufactureName>קבוצת אוסם סחר-שות.מוגבלת</ManufactureName>
      <ManufactureCountry />
      <ManufactureItemDescription />
      <UnitQty>י"ח</UnitQty>
      <Quantity>700</Quantity>
      <UnitMeasure>ל  גרם</UnitMeasure>
      <BisWeighted>0</BisWeighted>
      <QtyInPackage>1</QtyInPackage>
      <ItemPrice>54.90</ItemPrice>
      <UnitOfMeasurePrice>7.84</UnitOfMeasurePrice>
      <AllowDiscount>1</AllowDiscount>
      <itemStatus>1</itemStatus>
      <LastUpdateDate />
      <LastUpdateTime />
    </Product>
    <Product>
      <PriceUpdateDate>2016/12/01 13:47</PriceUpdateDate>
      <ItemCode>7290011461058</ItemCode>
      <ItemType>1</ItemType>
      <ItemName>גומא ריחני במבוק</ItemName>
      <ManufactureName>מוסקו בעמ</ManufactureName>
      <ManufactureCountry />
      <ManufactureItemDescription />
      <UnitQty>י"ח</UnitQty>
      <Quantity>1</Quantity>
      <UnitMeasure />
      <BisWeighted>0</BisWeighted>
      <QtyInPackage>1</QtyInPackage>
      <ItemPrice>19.90</ItemPrice>
      <UnitOfMeasurePrice>19.90</UnitOfMeasurePrice>
      <AllowDiscount>0</AllowDiscount>
      <itemStatus>1</itemStatus>
      <LastUpdateDate />
      <LastUpdateTime />
    </Product>
    <Product>
      <PriceUpdateDate>2014/04/23 11:17</PriceUpdateDate>
      <ItemCode>7290011480509</ItemCode>
      <ItemType>1</ItemType>
      <ItemName>פטרוזיליה  כשר יבולי הכפר</ItemName>
      <ManufactureName>ביכורי הנגב מ.ד בעמ</ManufactureName>
      <ManufactureCountry />
      <ManufactureItemDescription />
      <UnitQty>י"ח</UnitQty>
      <Quantity>1</Quantity>
      <UnitMeasure />
      <BisWeighted>0</BisWeighted>
      <QtyInPackage>1</QtyInPackage>
      <ItemPrice>5.90</ItemPrice>
      <UnitOfMeasurePrice>5.90</UnitOfMeasurePrice>
      <AllowDiscount>1</AllowDiscount>
      <itemStatus>1</itemStatus>
      <LastUpdateDate />
      <LastUpdateTime />
    </Product>
    <Product>
      <PriceUpdateDate>2016/01/19 15:42</PriceUpdateDate>
      <ItemCode>7290011480516</ItemCode>
      <ItemType>1</ItemType>
      <ItemName>שמיר כשר יבולי הכפר</ItemName>
      <ManufactureName>ביכורי הנגב מ.ד בעמ</ManufactureName>
      <ManufactureCountry />
      <ManufactureItemDescription />
      <UnitQty>י"ח</UnitQty>
      <Quantity>1</Quantity>
      <UnitMeasure />
      <BisWeighted>0</BisWeighted>
      <QtyInPackage>1</QtyInPackage>
      <ItemPrice>5.90</ItemPrice>
      <UnitOfMeasurePrice>5.90</UnitOfMeasurePrice>
      <AllowDiscount>1</AllowDiscount>
      <itemStatus>1</itemStatus>
      <LastUpdateDate />
      <LastUpdateTime />
    </Product>
    <Product>
      <PriceUpdateDate>2016/01/19 15:44</PriceUpdateDate>
      <ItemCode>7290011480523</ItemCode>
      <ItemType>1</ItemType>
      <ItemName>נענה כשר יבולי הכפר</ItemName>
      <ManufactureName>ביכורי הנגב מ.ד בעמ</ManufactureName>
      <ManufactureCountry />
      <ManufactureItemDescription />
      <UnitQty>י"ח</UnitQty>
      <Quantity>1</Quantity>
      <UnitMeasure />
      <BisWeighted>0</BisWeighted>
      <QtyInPackage>1</QtyInPackage>
      <ItemPrice>5.90</ItemPrice>
      <UnitOfMeasurePrice>5.90</UnitOfMeasurePrice>
      <AllowDiscount>1</AllowDiscount>
      <itemStatus>1</itemStatus>
      <LastUpdateDate />
      <LastUpdateTime />
    </Product>
    <Product>
      <PriceUpdateDate>2019/07/29 07:35</PriceUpdateDate>
      <ItemCode>7290011480554</ItemCode>
      <ItemType>1</ItemType>
      <ItemName>סלרי עלים כשר יבולי הכפר</ItemName>
      <ManufactureName>ביכורי הנגב מ.ד בעמ</ManufactureName>
      <ManufactureCountry />
      <ManufactureItemDescription />
      <UnitQty>י"ח</UnitQty>
      <Quantity>1</Quantity>
      <UnitMeasure />
      <BisWeighted>0</BisWeighted>
      <QtyInPackage>1</QtyInPackage>
      <ItemPrice>6.90</ItemPrice>
      <UnitOfMeasurePrice>6.90</UnitOfMeasurePrice>
      <AllowDiscount>1</AllowDiscount>
      <itemStatus>1</itemStatus>
      <LastUpdateDate />
      <LastUpdateTime />
    </Product>
    <Product>
      <PriceUpdateDate>2014/10/06 16:50</PriceUpdateDate>
      <ItemCode>7290011480578</ItemCode>
      <ItemType>1</ItemType>
      <ItemName>חסה כשר יבולי הכפר</ItemName>
      <ManufactureName>ביכורי הנגב מ.ד בעמ</ManufactureName>
      <ManufactureCountry />
      <ManufactureItemDescription />
      <UnitQty>י"ח</UnitQty>
      <Quantity>1</Quantity>
      <UnitMeasure />
      <BisWeighted>0</BisWeighted>
      <QtyInPackage>1</QtyInPackage>
      <ItemPrice>6.90</ItemPrice>
      <UnitOfMeasurePrice>6.90</UnitOfMeasurePrice>
      <AllowDiscount>1</AllowDiscount>
      <itemStatus>1</itemStatus>
      <LastUpdateDate />
      <LastUpdateTime />
    </Product>
    <Product>
      <PriceUpdateDate>2020/04/30 10:43</PriceUpdateDate>
      <ItemCode>7290011480585</ItemCode>
      <ItemType>1</ItemType>
      <ItemName>כרוב לבן שלם כשר יבולי הכפר</ItemName>
      <ManufactureName>ביכורי הנגב מ.ד בעמ</ManufactureName>
      <ManufactureCountry />
      <ManufactureItemDescription />
      <UnitQty>ק"ג</UnitQty>
      <Quantity>1</Quantity>
      <UnitMeasure />
      <BisWeighted>1</BisWeighted>
      <QtyInPackage>1</QtyInPackage>
      <ItemPrice>14.90</ItemPrice>
      <UnitOfMeasurePrice>14.90</UnitOfMeasurePrice>
      <AllowDiscount>0</AllowDiscount>
      <itemStatus>1</itemStatus>
      <LastUpdateDate />
      <LastUpdateTime />
    </Product>
    <Product>
      <PriceUpdateDate>2019/12/17 10:24</PriceUpdateDate>
      <ItemCode>7290011480974</ItemCode>
      <ItemType>1</ItemType>
      <ItemName>כרוב אדום שלם כשר יבולי הכפר</ItemName>
      <ManufactureName>ביכורי הנגב מ.ד בעמ</ManufactureName>
      <ManufactureCountry />
      <ManufactureItemDescription />
      <UnitQty>ק"ג</UnitQty>
      <Quantity>1</Quantity>
      <UnitMeasure />
      <BisWeighted>1</BisWeighted>
      <QtyInPackage>1</QtyInPackage>
      <ItemPrice>16.90</ItemPrice>
      <UnitOfMeasurePrice>16.90</UnitOfMeasurePrice>
      <AllowDiscount>0</AllowDiscount>
      <itemStatus>1</itemStatus>
      <LastUpdateDate />
      <LastUpdateTime />
    </Product>
    <Product>
      <PriceUpdateDate>2018/08/19 13:37</PriceUpdateDate>
      <ItemCode>7290011486549</ItemCode>
      <ItemType>1</ItemType>
      <ItemName>מטבעות שוקולד חלב 48 גר`כשל"פ</ItemName>
      <ManufactureName>כרמית תעשיות ממתקים בעמ</ManufactureName>
      <ManufactureCountry />
      <ManufactureItemDescription />
      <UnitQty>י"ח</UnitQty>
      <Quantity>48</Quantity>
      <UnitMeasure>ל  גרם</UnitMeasure>
      <BisWeighted>0</BisWeighted>
      <QtyInPackage>1</QtyInPackage>
      <ItemPrice>3.90</ItemPrice>
      <UnitOfMeasurePrice>8.13</UnitOfMeasurePrice>
      <AllowDiscount>1</AllowDiscount>
      <itemStatus>1</itemStatus>
      <LastUpdateDate />
      <LastUpdateTime />
    </Product>
    <Product>
      <PriceUpdateDate>2017/05/09 17:31</PriceUpdateDate>
      <ItemCode>7290011489007</ItemCode>
      <ItemType>1</ItemType>
      <ItemName>ביסקוויט פתי בר וניל  110 גרם המותג</ItemName>
      <ManufactureName>דין שיווק *****</ManufactureName>
      <ManufactureCountry />
      <ManufactureItemDescription />
      <UnitQty>י"ח</UnitQty>
      <Quantity>110</Quantity>
      <UnitMeasure>ל  גרם</UnitMeasure>
      <BisWeighted>0</BisWeighted>
      <QtyInPackage>1</QtyInPackage>
      <ItemPrice>2.90</ItemPrice>
      <UnitOfMeasurePrice>2.64</UnitOfMeasurePrice>
      <AllowDiscount>1</AllowDiscount>
      <itemStatus>1</itemStatus>
      <LastUpdateDate />
      <LastUpdateTime />
    </Product>
    <Product>
      <PriceUpdateDate>2017/05/09 17:31</PriceUpdateDate>
      <ItemCode>7290011489014</ItemCode>
      <ItemType>1</ItemType>
      <ItemName>ביסקוויט פתי בר שוקלד 110 גר המותג</ItemName>
      <ManufactureName>דין שיווק *****</ManufactureName>
      <ManufactureCountry />
      <ManufactureItemDescription />
      <UnitQty>י"ח</UnitQty>
      <Quantity>110</Quantity>
      <UnitMeasure>ל  גרם</UnitMeasure>
      <BisWeighted>0</BisWeighted>
      <QtyInPackage>1</QtyInPackage>
      <ItemPrice>2.90</ItemPrice>
      <UnitOfMeasurePrice>2.64</UnitOfMeasurePrice>
      <AllowDiscount>1</AllowDiscount>
      <itemStatus>1</itemStatus>
      <LastUpdateDate />
      <LastUpdateTime />
    </Product>
    <Product>
      <PriceUpdateDate>2014/11/02 09:40</PriceUpdateDate>
      <ItemCode>7290011489021</ItemCode>
      <ItemType>1</ItemType>
      <ItemName>קרקר מלוח 110 גרם המותג</ItemName>
      <ManufactureName>דין שיווק *****</ManufactureName>
      <ManufactureCountry />
      <ManufactureItemDescription />
      <UnitQty>י"ח</UnitQty>
      <Quantity>110</Quantity>
      <UnitMeasure>ל  גרם</UnitMeasure>
      <BisWeighted>0</BisWeighted>
      <QtyInPackage>1</QtyInPackage>
      <ItemPrice>2.90</ItemPrice>
      <UnitOfMeasurePrice>2.64</UnitOfMeasurePrice>
      <AllowDiscount>0</AllowDiscount>
      <itemStatus>1</itemStatus>
      <LastUpdateDate />
      <LastUpdateTime />
    </Product>
    <Product>
      <PriceUpdateDate>2014/11/02 09:42</PriceUpdateDate>
      <ItemCode>7290011489045</ItemCode>
      <ItemType>1</ItemType>
      <ItemName>קרקר בצל 110 גרם המותג</ItemName>
      <ManufactureName>דין שיווק *****</ManufactureName>
      <ManufactureCountry />
      <ManufactureItemDescription />
      <UnitQty>י"ח</UnitQty>
      <Quantity>110</Quantity>
      <UnitMeasure>ל  גרם</UnitMeasure>
      <BisWeighted>0</BisWeighted>
      <QtyInPackage>1</QtyInPackage>
      <ItemPrice>2.90</ItemPrice>
      <UnitOfMeasurePrice>2.64</UnitOfMeasurePrice>
      <AllowDiscount>0</AllowDiscount>
      <itemStatus>1</itemStatus>
      <LastUpdateDate />
      <LastUpdateTime />
    </Product>
    <Product>
      <PriceUpdateDate>2018/12/17 13:22</PriceUpdateDate>
      <ItemCode>7290011489113</ItemCode>
      <ItemType>1</ItemType>
      <ItemName>קרם קרקר 230 ג  המותג</ItemName>
      <ManufactureName>דין שיווק *****</ManufactureName>
      <ManufactureCountry />
      <ManufactureItemDescription />
      <UnitQty>י"ח</UnitQty>
      <Quantity>230</Quantity>
      <UnitMeasure>ל  גרם</UnitMeasure>
      <BisWeighted>0</BisWeighted>
      <QtyInPackage>1</QtyInPackage>
      <ItemPrice>5.90</ItemPrice>
      <UnitOfMeasurePrice>2.57</UnitOfMeasurePrice>
      <AllowDiscount>1</AllowDiscount>
      <itemStatus>1</itemStatus>
      <LastUpdateDate />
      <LastUpdateTime />
    </Product>
    <Product>
      <PriceUpdateDate>2015/03/06 10:17</PriceUpdateDate>
      <ItemCode>7290011499112</ItemCode>
      <ItemType>1</ItemType>
      <ItemName>בולגרית 16% 250 גרם</ItemName>
      <ManufactureName>מחלבות גד</ManufactureName>
      <ManufactureCountry />
      <ManufactureItemDescription />
      <UnitQty>י"ח</UnitQty>
      <Quantity>250</Quantity>
      <UnitMeasure>ס"מ</UnitMeasure>
      <BisWeighted>0</BisWeighted>
      <QtyInPackage>1</QtyInPackage>
      <ItemPrice>21.90</ItemPrice>
      <UnitOfMeasurePrice>8.76</UnitOfMeasurePrice>
      <AllowDiscount>1</AllowDiscount>
      <itemStatus>1</itemStatus>
      <LastUpdateDate />
      <LastUpdateTime />
    </Product>
    <Product>
      <PriceUpdateDate>2018/10/10 16:44</PriceUpdateDate>
      <ItemCode>7290011499129</ItemCode>
      <ItemType>1</ItemType>
      <ItemName>בולגרית  קוביות מעודנת 5% 200 ג</ItemName>
      <ManufactureName>מחלבות גד</ManufactureName>
      <ManufactureCountry />
      <ManufactureItemDescription />
      <UnitQty>י"ח</UnitQty>
      <Quantity>200</Quantity>
      <UnitMeasure>ל  גרם</UnitMeasure>
      <BisWeighted>0</BisWeighted>
      <QtyInPackage>1</QtyInPackage>
      <ItemPrice>19.90</ItemPrice>
      <UnitOfMeasurePrice>9.95</UnitOfMeasurePrice>
      <AllowDiscount>1</AllowDiscount>
      <itemStatus>1</itemStatus>
      <LastUpdateDate />
      <LastUpdateTime />
    </Product>
    <Product>
      <PriceUpdateDate>2018/10/10 16:44</PriceUpdateDate>
      <ItemCode>7290011499327</ItemCode>
      <ItemType>1</ItemType>
      <ItemName>בולגרית מעודנת חלב בקר 5%</ItemName>
      <ManufactureName>מחלבות גד</ManufactureName>
      <ManufactureCountry />
      <ManufactureItemDescription />
      <UnitQty>י"ח</UnitQty>
      <Quantity>250</Quantity>
      <UnitMeasure>ל  גרם</UnitMeasure>
      <BisWeighted>0</BisWeighted>
      <QtyInPackage>1</QtyInPackage>
      <ItemPrice>21.20</ItemPrice>
      <UnitOfMeasurePrice>8.48</UnitOfMeasurePrice>
      <AllowDiscount>1</AllowDiscount>
      <itemStatus>1</itemStatus>
      <LastUpdateDate />
      <LastUpdateTime />
    </Product>
    <Product>
      <PriceUpdateDate>2018/10/10 16:44</PriceUpdateDate>
      <ItemCode>7290011499365</ItemCode>
      <ItemType>1</ItemType>
      <ItemName>חלומי גד 200גר.</ItemName>
      <ManufactureName>מחלבות גד</ManufactureName>
      <ManufactureCountry />
      <ManufactureItemDescription />
      <UnitQty>י"ח</UnitQty>
      <Quantity>200</Quantity>
      <UnitMeasure>ל  גרם</UnitMeasure>
      <BisWeighted>0</BisWeighted>
      <QtyInPackage>1</QtyInPackage>
      <ItemPrice>19.90</ItemPrice>
      <UnitOfMeasurePrice>9.95</UnitOfMeasurePrice>
      <AllowDiscount>1</AllowDiscount>
      <itemStatus>1</itemStatus>
      <LastUpdateDate />
      <LastUpdateTime />
    </Product>
    <Product>
      <PriceUpdateDate>2015/04/26 12:36</PriceUpdateDate>
      <ItemCode>7290011499419</ItemCode>
      <ItemType>1</ItemType>
      <ItemName>קרם שמנת ניו יורק  5% טבעי 200גר`</ItemName>
      <ManufactureName>מחלבות גד</ManufactureName>
      <ManufactureCountry />
      <ManufactureItemDescription />
      <UnitQty>י"ח</UnitQty>
      <Quantity>200</Quantity>
      <UnitMeasure>ל  גרם</UnitMeasure>
      <BisWeighted>0</BisWeighted>
      <QtyInPackage>1</QtyInPackage>
      <ItemPrice>11.90</ItemPrice>
      <UnitOfMeasurePrice>5.95</UnitOfMeasurePrice>
      <AllowDiscount>1</AllowDiscount>
      <itemStatus>1</itemStatus>
      <LastUpdateDate />
      <LastUpdateTime />
    </Product>
    <Product>
      <PriceUpdateDate>2015/06/02 13:17</PriceUpdateDate>
      <ItemCode>7290011499624</ItemCode>
      <ItemType>1</ItemType>
      <ItemName>גבינת שמנת 30% טבעי ניו יורק</ItemName>
      <ManufactureName>מחלבות גד</ManufactureName>
      <ManufactureCountry />
      <ManufactureItemDescription />
      <UnitQty>י"ח</UnitQty>
      <Quantity>200</Quantity>
      <UnitMeasure>ל  גרם</UnitMeasure>
      <BisWeighted>0</BisWeighted>
      <QtyInPackage>1</QtyInPackage>
      <ItemPrice>12.90</ItemPrice>
      <UnitOfMeasurePrice>6.45</UnitOfMeasurePrice>
      <AllowDiscount>1</AllowDiscount>
      <itemStatus>1</itemStatus>
      <LastUpdateDate />
      <LastUpdateTime />
    </Product>
    <Product>
      <PriceUpdateDate>2013/12/25 12:14</PriceUpdateDate>
      <ItemCode>7290011499631</ItemCode>
      <ItemType>1</ItemType>
      <ItemName>קרם שמנת 30% גד ניו יורק ירקות</ItemName>
      <ManufactureName>מחלבות גד</ManufactureName>
      <ManufactureCountry />
      <ManufactureItemDescription />
      <UnitQty>י"ח</UnitQty>
      <Quantity>1</Quantity>
      <UnitMeasure />
      <BisWeighted>0</BisWeighted>
      <QtyInPackage>1</QtyInPackage>
      <ItemPrice>12.90</ItemPrice>
      <UnitOfMeasurePrice>12.90</UnitOfMeasurePrice>
      <AllowDiscount>1</AllowDiscount>
      <itemStatus>1</itemStatus>
      <LastUpdateDate />
      <LastUpdateTime />
    </Product>
    <Product>
      <PriceUpdateDate>2018/10/07 16:48</PriceUpdateDate>
      <ItemCode>7290011499846</ItemCode>
      <ItemType>1</ItemType>
      <ItemName>ריקוטה פרסקה 300גרם</ItemName>
      <ManufactureName>מחלבות גד</ManufactureName>
      <ManufactureCountry />
      <ManufactureItemDescription />
      <UnitQty>י"ח</UnitQty>
      <Quantity>300</Quantity>
      <UnitMeasure>ל  גרם</UnitMeasure>
      <BisWeighted>0</BisWeighted>
      <QtyInPackage>1</QtyInPackage>
      <ItemPrice>17.90</ItemPrice>
      <UnitOfMeasurePrice>5.97</UnitOfMeasurePrice>
      <AllowDiscount>1</AllowDiscount>
      <itemStatus>1</itemStatus>
      <LastUpdateDate />
      <LastUpdateTime />
    </Product>
    <Product>
      <PriceUpdateDate>2013/12/25 12:14</PriceUpdateDate>
      <ItemCode>7290011499853</ItemCode>
      <ItemType>1</ItemType>
      <ItemName>גבינת שמנת 30% זיתים 200ג</ItemName>
      <ManufactureName>מחלבות גד</ManufactureName>
      <ManufactureCountry />
      <ManufactureItemDescription />
      <UnitQty>י"ח</UnitQty>
      <Quantity>200</Quantity>
      <UnitMeasure>ל  גרם</UnitMeasure>
      <BisWeighted>0</BisWeighted>
      <QtyInPackage>1</QtyInPackage>
      <ItemPrice>12.90</ItemPrice>
      <UnitOfMeasurePrice>6.45</UnitOfMeasurePrice>
      <AllowDiscount>1</AllowDiscount>
      <itemStatus>1</itemStatus>
      <LastUpdateDate />
      <LastUpdateTime />
    </Product>
    <Product>
      <PriceUpdateDate>2017/12/27 14:50</PriceUpdateDate>
      <ItemCode>7290011501037</ItemCode>
      <ItemType>1</ItemType>
      <ItemName>צימוק חום 400 גרם המותג</ItemName>
      <ManufactureName>דין שיווק וקליהבעמ</ManufactureName>
      <ManufactureCountry />
      <ManufactureItemDescription />
      <UnitQty>י"ח</UnitQty>
      <Quantity>400</Quantity>
      <UnitMeasure>ל  גרם</UnitMeasure>
      <BisWeighted>0</BisWeighted>
      <QtyInPackage>1</QtyInPackage>
      <ItemPrice>12.20</ItemPrice>
      <UnitOfMeasurePrice>3.05</UnitOfMeasurePrice>
      <AllowDiscount>0</AllowDiscount>
      <itemStatus>1</itemStatus>
      <LastUpdateDate />
      <LastUpdateTime />
    </Product>
    <Product>
      <PriceUpdateDate>2017/12/27 14:51</PriceUpdateDate>
      <ItemCode>7290011501051</ItemCode>
      <ItemType>1</ItemType>
      <ItemName>שזיף ללא גרעין 400 המותג</ItemName>
      <ManufactureName>דין שיווק וקליהבעמ</ManufactureName>
      <ManufactureCountry />
      <ManufactureItemDescription />
      <UnitQty>י"ח</UnitQty>
      <Quantity>400</Quantity>
      <UnitMeasure>ל  גרם</UnitMeasure>
      <BisWeighted>0</BisWeighted>
      <QtyInPackage>1</QtyInPackage>
      <ItemPrice>18.90</ItemPrice>
      <UnitOfMeasurePrice>4.73</UnitOfMeasurePrice>
      <AllowDiscount>0</AllowDiscount>
      <itemStatus>1</itemStatus>
      <LastUpdateDate />
      <LastUpdateTime />
    </Product>
    <Product>
      <PriceUpdateDate>2015/01/14 17:35</PriceUpdateDate>
      <ItemCode>7290011501112</ItemCode>
      <ItemType>1</ItemType>
      <ItemName>שקדים קלויים 200 ג  המותג</ItemName>
      <ManufactureName>דין שיווק וקליהבעמ</ManufactureName>
      <ManufactureCountry />
      <ManufactureItemDescription />
      <UnitQty>י"ח</UnitQty>
      <Quantity>200</Quantity>
      <UnitMeasure>ל  גרם</UnitMeasure>
      <BisWeighted>0</BisWeighted>
      <QtyInPackage>1</QtyInPackage>
      <ItemPrice>19.90</ItemPrice>
      <UnitOfMeasurePrice>9.95</UnitOfMeasurePrice>
      <AllowDiscount>0</AllowDiscount>
      <itemStatus>1</itemStatus>
      <LastUpdateDate />
      <LastUpdateTime />
    </Product>
    <Product>
      <PriceUpdateDate>2017/04/23 13:00</PriceUpdateDate>
      <ItemCode>7290011501129</ItemCode>
      <ItemType>1</ItemType>
      <ItemName>צנובר 100 גרם המותג</ItemName>
      <ManufactureName>דין שיווק וקליהבעמ</ManufactureName>
      <ManufactureCountry />
      <ManufactureItemDescription />
      <UnitQty>י"ח</UnitQty>
      <Quantity>100</Quantity>
      <UnitMeasure>ל  גרם</UnitMeasure>
      <BisWeighted>0</BisWeighted>
      <QtyInPackage>1</QtyInPackage>
      <ItemPrice>26.90</ItemPrice>
      <UnitOfMeasurePrice>26.90</UnitOfMeasurePrice>
      <AllowDiscount>0</AllowDiscount>
      <itemStatus>1</itemStatus>
      <LastUpdateDate />
      <LastUpdateTime />
    </Product>
    <Product>
      <PriceUpdateDate>2017/04/23 12:59</PriceUpdateDate>
      <ItemCode>7290011501228</ItemCode>
      <ItemType>1</ItemType>
      <ItemName>אגוזים קלופים 200 ג  המותג</ItemName>
      <ManufactureName>דין שיווק וקליהבעמ</ManufactureName>
      <ManufactureCountry />
      <ManufactureItemDescription />
      <UnitQty>י"ח</UnitQty>
      <Quantity>200</Quantity>
      <UnitMeasure>ל  גרם</UnitMeasure>
      <BisWeighted>0</BisWeighted>
      <QtyInPackage>1</QtyInPackage>
      <ItemPrice>18.90</ItemPrice>
      <UnitOfMeasurePrice>9.45</UnitOfMeasurePrice>
      <AllowDiscount>0</AllowDiscount>
      <itemStatus>1</itemStatus>
      <LastUpdateDate />
      <LastUpdateTime />
    </Product>
    <Product>
      <PriceUpdateDate>2014/01/16 15:16</PriceUpdateDate>
      <ItemCode>7290011501327</ItemCode>
      <ItemType>1</ItemType>
      <ItemName>גרעין לבן 200 גרם המותג</ItemName>
      <ManufactureName>דין שיווק וקליהבעמ</ManufactureName>
      <ManufactureCountry />
      <ManufactureItemDescription />
      <UnitQty>י"ח</UnitQty>
      <Quantity>200</Quantity>
      <UnitMeasure>ל  גרם</UnitMeasure>
      <BisWeighted>0</BisWeighted>
      <QtyInPackage>1</QtyInPackage>
      <ItemPrice>7</ItemPrice>
      <UnitOfMeasurePrice>3.50</UnitOfMeasurePrice>
      <AllowDiscount>0</AllowDiscount>
      <itemStatus>1</itemStatus>
      <LastUpdateDate />
      <LastUpdateTime />
    </Product>
    <Product>
      <PriceUpdateDate>2020/04/28 08:15</PriceUpdateDate>
      <ItemCode>7290011505011</ItemCode>
      <ItemType>1</ItemType>
      <ItemName>אטבי כביסה</ItemName>
      <ManufactureName>אינטרסן (1996) בעמ</ManufactureName>
      <ManufactureCountry />
      <ManufactureItemDescription />
      <UnitQty>י"ח</UnitQty>
      <Quantity>1</Quantity>
      <UnitMeasure />
      <BisWeighted>0</BisWeighted>
      <QtyInPackage>1</QtyInPackage>
      <ItemPrice>3.90</ItemPrice>
      <UnitOfMeasurePrice>3.90</UnitOfMeasurePrice>
      <AllowDiscount>0</AllowDiscount>
      <itemStatus>1</itemStatus>
      <LastUpdateDate />
      <LastUpdateTime />
    </Product>
    <Product>
      <PriceUpdateDate>2019/06/16 13:20</PriceUpdateDate>
      <ItemCode>7290011515683</ItemCode>
      <ItemType>1</ItemType>
      <ItemName>מאגדת אקסטרים וניל X 6</ItemName>
      <ManufactureName>נגה גלידות</ManufactureName>
      <ManufactureCountry />
      <ManufactureItemDescription />
      <UnitQty>י"ח</UnitQty>
      <Quantity>1</Quantity>
      <UnitMeasure />
      <BisWeighted>0</BisWeighted>
      <QtyInPackage>1</QtyInPackage>
      <ItemPrice>35.90</ItemPrice>
      <UnitOfMeasurePrice>35.90</UnitOfMeasurePrice>
      <AllowDiscount>1</AllowDiscount>
      <itemStatus>1</itemStatus>
      <LastUpdateDate />
      <LastUpdateTime />
    </Product>
    <Product>
      <PriceUpdateDate>2014/07/03 10:50</PriceUpdateDate>
      <ItemCode>7290011524135</ItemCode>
      <ItemType>1</ItemType>
      <ItemName>ריבת תות שדה 680גר</ItemName>
      <ManufactureName>ויטה- פרי גליל (החדשה) בעמ</ManufactureName>
      <ManufactureCountry />
      <ManufactureItemDescription />
      <UnitQty>י"ח</UnitQty>
      <Quantity>680</Quantity>
      <UnitMeasure>ל  גרם</UnitMeasure>
      <BisWeighted>0</BisWeighted>
      <QtyInPackage>1</QtyInPackage>
      <ItemPrice>10.90</ItemPrice>
      <UnitOfMeasurePrice>1.60</UnitOfMeasurePrice>
      <AllowDiscount>0</AllowDiscount>
      <itemStatus>1</itemStatus>
      <LastUpdateDate />
      <LastUpdateTime />
    </Product>
    <Product>
      <PriceUpdateDate>2018/07/23 08:33</PriceUpdateDate>
      <ItemCode>7290011525316</ItemCode>
      <ItemType>1</ItemType>
      <ItemName>קמיל בלו סנסיטיב תחליב לתינוק</ItemName>
      <ManufactureName>פישר תעשיות פרמבצטיות בעמ</ManufactureName>
      <ManufactureCountry />
      <ManufactureItemDescription />
      <UnitQty>י"ח</UnitQty>
      <Quantity>1</Quantity>
      <UnitMeasure />
      <BisWeighted>0</BisWeighted>
      <QtyInPackage>1</QtyInPackage>
      <ItemPrice>29.90</ItemPrice>
      <UnitOfMeasurePrice>29.90</UnitOfMeasurePrice>
      <AllowDiscount>0</AllowDiscount>
      <itemStatus>1</itemStatus>
      <LastUpdateDate />
      <LastUpdateTime />
    </Product>
    <Product>
      <PriceUpdateDate>2015/12/30 12:09</PriceUpdateDate>
      <ItemCode>7290011525323</ItemCode>
      <ItemType>1</ItemType>
      <ItemName>קמיל בלו סנסיטיב תחליב רחצה</ItemName>
      <ManufactureName>פישר תעשיות פרמבצטיות בעמ</ManufactureName>
      <ManufactureCountry />
      <ManufactureItemDescription />
      <UnitQty>י"ח</UnitQty>
      <Quantity>1</Quantity>
      <UnitMeasure />
      <BisWeighted>0</BisWeighted>
      <QtyInPackage>1</QtyInPackage>
      <ItemPrice>21.50</ItemPrice>
      <UnitOfMeasurePrice>21.50</UnitOfMeasurePrice>
      <AllowDiscount>0</AllowDiscount>
      <itemStatus>1</itemStatus>
      <LastUpdateDate />
      <LastUpdateTime />
    </Product>
    <Product>
      <PriceUpdateDate>2018/07/23 08:34</PriceUpdateDate>
      <ItemCode>7290011525729</ItemCode>
      <ItemType>1</ItemType>
      <ItemName>קמיל בלו סנסטיב שמפו 1 ל</ItemName>
      <ManufactureName>פישר תעשיות פרמבצטיות בעמ</ManufactureName>
      <ManufactureCountry />
      <ManufactureItemDescription />
      <UnitQty>י"ח</UnitQty>
      <Quantity>1</Quantity>
      <UnitMeasure>ליטר</UnitMeasure>
      <BisWeighted>0</BisWeighted>
      <QtyInPackage>1</QtyInPackage>
      <ItemPrice>29.90</ItemPrice>
      <UnitOfMeasurePrice>29.90</UnitOfMeasurePrice>
      <AllowDiscount>1</AllowDiscount>
      <itemStatus>1</itemStatus>
      <LastUpdateDate />
      <LastUpdateTime />
    </Product>
    <Product>
      <PriceUpdateDate>2013/12/11 16:58</PriceUpdateDate>
      <ItemCode>7290011553357</ItemCode>
      <ItemType>1</ItemType>
      <ItemName>ציפוי פיקנטי לשניצל 400</ItemName>
      <ManufactureName>דין שיווק *****</ManufactureName>
      <ManufactureCountry />
      <ManufactureItemDescription />
      <UnitQty>י"ח</UnitQty>
      <Quantity>400</Quantity>
      <UnitMeasure>ל  גרם</UnitMeasure>
      <BisWeighted>0</BisWeighted>
      <QtyInPackage>1</QtyInPackage>
      <ItemPrice>10.10</ItemPrice>
      <UnitOfMeasurePrice>2.53</UnitOfMeasurePrice>
      <AllowDiscount>0</AllowDiscount>
      <itemStatus>1</itemStatus>
      <LastUpdateDate />
      <LastUpdateTime />
    </Product>
    <Product>
      <PriceUpdateDate>2013/06/04 16:21</PriceUpdateDate>
      <ItemCode>7290011553388</ItemCode>
      <ItemType>1</ItemType>
      <ItemName>קרוטונים למרק בטעם עוף</ItemName>
      <ManufactureName>דין שיווק *****</ManufactureName>
      <ManufactureCountry />
      <ManufactureItemDescription />
      <UnitQty>י"ח</UnitQty>
      <Quantity>400</Quantity>
      <UnitMeasure>ל  גרם</UnitMeasure>
      <BisWeighted>0</BisWeighted>
      <QtyInPackage>1</QtyInPackage>
      <ItemPrice>12.10</ItemPrice>
      <UnitOfMeasurePrice>3.03</UnitOfMeasurePrice>
      <AllowDiscount>0</AllowDiscount>
      <itemStatus>1</itemStatus>
      <LastUpdateDate />
      <LastUpdateTime />
    </Product>
    <Product>
      <PriceUpdateDate>2018/10/18 17:26</PriceUpdateDate>
      <ItemCode>7290011570798</ItemCode>
      <ItemType>1</ItemType>
      <ItemName>קמח ללא גלוטן טעם שוקולד  450ג</ItemName>
      <ManufactureName>תומר יבוא ושיווק מזון</ManufactureName>
      <ManufactureCountry />
      <ManufactureItemDescription />
      <UnitQty>י"ח</UnitQty>
      <Quantity>400</Quantity>
      <UnitMeasure>ל  גרם</UnitMeasure>
      <BisWeighted>0</BisWeighted>
      <QtyInPackage>1</QtyInPackage>
      <ItemPrice>19.90</ItemPrice>
      <UnitOfMeasurePrice>4.98</UnitOfMeasurePrice>
      <AllowDiscount>0</AllowDiscount>
      <itemStatus>1</itemStatus>
      <LastUpdateDate />
      <LastUpdateTime />
    </Product>
    <Product>
      <PriceUpdateDate>2019/12/04 14:54</PriceUpdateDate>
      <ItemCode>7290011598365</ItemCode>
      <ItemType>1</ItemType>
      <ItemName>סנו סושי מטליות מקרופייבר מקצועיות 4 יח</ItemName>
      <ManufactureName>החב הדרומית לשיווק</ManufactureName>
      <ManufactureCountry />
      <ManufactureItemDescription />
      <UnitQty>י"ח</UnitQty>
      <Quantity>1</Quantity>
      <UnitMeasure />
      <BisWeighted>0</BisWeighted>
      <QtyInPackage>1</QtyInPackage>
      <ItemPrice>12.90</ItemPrice>
      <UnitOfMeasurePrice>12.90</UnitOfMeasurePrice>
      <AllowDiscount>0</AllowDiscount>
      <itemStatus>1</itemStatus>
      <LastUpdateDate />
      <LastUpdateTime />
    </Product>
    <Product>
      <PriceUpdateDate>2019/02/12 13:18</PriceUpdateDate>
      <ItemCode>7290011615260</ItemCode>
      <ItemType>1</ItemType>
      <ItemName>טורטיות 540 גרם וויליפוד</ItemName>
      <ManufactureName>ג.וילי פוד אינטרנשיונל בעמ</ManufactureName>
      <ManufactureCountry />
      <ManufactureItemDescription />
      <UnitQty>י"ח</UnitQty>
      <Quantity>540</Quantity>
      <UnitMeasure>ל  גרם</UnitMeasure>
      <BisWeighted>0</BisWeighted>
      <QtyInPackage>1</QtyInPackage>
      <ItemPrice>9.90</ItemPrice>
      <UnitOfMeasurePrice>1.83</UnitOfMeasurePrice>
      <AllowDiscount>0</AllowDiscount>
      <itemStatus>1</itemStatus>
      <LastUpdateDate />
      <LastUpdateTime />
    </Product>
    <Product>
      <PriceUpdateDate>2015/12/08 11:18</PriceUpdateDate>
      <ItemCode>7290011618025</ItemCode>
      <ItemType>1</ItemType>
      <ItemName>נגיסי אורז לתינוק</ItemName>
      <ManufactureName>דנשר (1963) בעמ</ManufactureName>
      <ManufactureCountry />
      <ManufactureItemDescription />
      <UnitQty>י"ח</UnitQty>
      <Quantity>50</Quantity>
      <UnitMeasure>ל  גרם</UnitMeasure>
      <BisWeighted>0</BisWeighted>
      <QtyInPackage>1</QtyInPackage>
      <ItemPrice>12.90</ItemPrice>
      <UnitOfMeasurePrice>25.80</UnitOfMeasurePrice>
      <AllowDiscount>0</AllowDiscount>
      <itemStatus>1</itemStatus>
      <LastUpdateDate />
      <LastUpdateTime />
    </Product>
    <Product>
      <PriceUpdateDate>2016/04/19 10:39</PriceUpdateDate>
      <ItemCode>7290011618131</ItemCode>
      <ItemType>1</ItemType>
      <ItemName>בייבי ביס בטעם גזר</ItemName>
      <ManufactureName>דנשר (1963) בעמ</ManufactureName>
      <ManufactureCountry />
      <ManufactureItemDescription />
      <UnitQty>י"ח</UnitQty>
      <Quantity>50</Quantity>
      <UnitMeasure>ל  גרם</UnitMeasure>
      <BisWeighted>0</BisWeighted>
      <QtyInPackage>1</QtyInPackage>
      <ItemPrice>12.90</ItemPrice>
      <UnitOfMeasurePrice>25.80</UnitOfMeasurePrice>
      <AllowDiscount>0</AllowDiscount>
      <itemStatus>1</itemStatus>
      <LastUpdateDate />
      <LastUpdateTime />
    </Product>
    <Product>
      <PriceUpdateDate>2013/10/31 17:23</PriceUpdateDate>
      <ItemCode>7290011668402</ItemCode>
      <ItemType>1</ItemType>
      <ItemName>שמפו לגבר פנינה</ItemName>
      <ManufactureName>פנינה רוזנבלום בעמ</ManufactureName>
      <ManufactureCountry />
      <ManufactureItemDescription />
      <UnitQty>י"ח</UnitQty>
      <Quantity>750</Quantity>
      <UnitMeasure>ל  מ"ל</UnitMeasure>
      <BisWeighted>0</BisWeighted>
      <QtyInPackage>1</QtyInPackage>
      <ItemPrice>12.90</ItemPrice>
      <UnitOfMeasurePrice>1.72</UnitOfMeasurePrice>
      <AllowDiscount>1</AllowDiscount>
      <itemStatus>1</itemStatus>
      <LastUpdateDate />
      <LastUpdateTime />
    </Product>
    <Product>
      <PriceUpdateDate>2013/10/31 17:23</PriceUpdateDate>
      <ItemCode>7290011668419</ItemCode>
      <ItemType>1</ItemType>
      <ItemName>שמפו אובלי יומי פנינה</ItemName>
      <ManufactureName>פנינה רוזנבלום בעמ</ManufactureName>
      <ManufactureCountry />
      <ManufactureItemDescription />
      <UnitQty>י"ח</UnitQty>
      <Quantity>750</Quantity>
      <UnitMeasure>ל  מ"ל</UnitMeasure>
      <BisWeighted>0</BisWeighted>
      <QtyInPackage>1</QtyInPackage>
      <ItemPrice>12.90</ItemPrice>
      <UnitOfMeasurePrice>1.72</UnitOfMeasurePrice>
      <AllowDiscount>1</AllowDiscount>
      <itemStatus>1</itemStatus>
      <LastUpdateDate />
      <LastUpdateTime />
    </Product>
    <Product>
      <PriceUpdateDate>2013/10/31 17:23</PriceUpdateDate>
      <ItemCode>7290011668440</ItemCode>
      <ItemType>1</ItemType>
      <ItemName>מרכך שיאה לשיער צבוע פנינה</ItemName>
      <ManufactureName>פנינה רוזנבלום בעמ</ManufactureName>
      <ManufactureCountry />
      <ManufactureItemDescription />
      <UnitQty>י"ח</UnitQty>
      <Quantity>750</Quantity>
      <UnitMeasure>ל  מ"ל</UnitMeasure>
      <BisWeighted>0</BisWeighted>
      <QtyInPackage>1</QtyInPackage>
      <ItemPrice>12.90</ItemPrice>
      <UnitOfMeasurePrice>1.72</UnitOfMeasurePrice>
      <AllowDiscount>1</AllowDiscount>
      <itemStatus>1</itemStatus>
      <LastUpdateDate />
      <LastUpdateTime />
    </Product>
    <Product>
      <PriceUpdateDate>2015/11/02 09:01</PriceUpdateDate>
      <ItemCode>7290011668570</ItemCode>
      <ItemType>1</ItemType>
      <ItemName>גרנולה חגיגת פירות יבשים 500גר`</ItemName>
      <ManufactureName>פנינה רוזנבלום בעמ</ManufactureName>
      <ManufactureCountry />
      <ManufactureItemDescription />
      <UnitQty>י"ח</UnitQty>
      <Quantity>500</Quantity>
      <UnitMeasure>ל  גרם</UnitMeasure>
      <BisWeighted>0</BisWeighted>
      <QtyInPackage>1</QtyInPackage>
      <ItemPrice>25.90</ItemPrice>
      <UnitOfMeasurePrice>5.18</UnitOfMeasurePrice>
      <AllowDiscount>0</AllowDiscount>
      <itemStatus>1</itemStatus>
      <LastUpdateDate />
      <LastUpdateTime />
    </Product>
    <Product>
      <PriceUpdateDate>2015/11/02 09:01</PriceUpdateDate>
      <ItemCode>7290011668587</ItemCode>
      <ItemType>1</ItemType>
      <ItemName>גרנולה טעם עשיר 500גר`</ItemName>
      <ManufactureName>פנינה רוזנבלום בעמ</ManufactureName>
      <ManufactureCountry />
      <ManufactureItemDescription />
      <UnitQty>י"ח</UnitQty>
      <Quantity>500</Quantity>
      <UnitMeasure>ל  גרם</UnitMeasure>
      <BisWeighted>0</BisWeighted>
      <QtyInPackage>1</QtyInPackage>
      <ItemPrice>25.90</ItemPrice>
      <UnitOfMeasurePrice>5.18</UnitOfMeasurePrice>
      <AllowDiscount>0</AllowDiscount>
      <itemStatus>1</itemStatus>
      <LastUpdateDate />
      <LastUpdateTime />
    </Product>
    <Product>
      <PriceUpdateDate>2017/11/09 08:46</PriceUpdateDate>
      <ItemCode>7290011687014</ItemCode>
      <ItemType>1</ItemType>
      <ItemName>פרנה עגולה(3 יח) מאמא.</ItemName>
      <ManufactureName>גיא שיווק טוב 2016</ManufactureName>
      <ManufactureCountry />
      <ManufactureItemDescription />
      <UnitQty>י"ח</UnitQty>
      <Quantity>1</Quantity>
      <UnitMeasure />
      <BisWeighted>0</BisWeighted>
      <QtyInPackage>1</QtyInPackage>
      <ItemPrice>13.90</ItemPrice>
      <UnitOfMeasurePrice>13.90</UnitOfMeasurePrice>
      <AllowDiscount>0</AllowDiscount>
      <itemStatus>1</itemStatus>
      <LastUpdateDate />
      <LastUpdateTime />
    </Product>
    <Product>
      <PriceUpdateDate>2016/01/04 18:54</PriceUpdateDate>
      <ItemCode>7290011695545</ItemCode>
      <ItemType>1</ItemType>
      <ItemName>אטבים אלפא 50+5יח`</ItemName>
      <ManufactureName>נאמן לאורך זמן בעמ</ManufactureName>
      <ManufactureCountry />
      <ManufactureItemDescription />
      <UnitQty>י"ח</UnitQty>
      <Quantity>1</Quantity>
      <UnitMeasure />
      <BisWeighted>0</BisWeighted>
      <QtyInPackage>1</QtyInPackage>
      <ItemPrice>9.90</ItemPrice>
      <UnitOfMeasurePrice>9.90</UnitOfMeasurePrice>
      <AllowDiscount>0</AllowDiscount>
      <itemStatus>1</itemStatus>
      <LastUpdateDate />
      <LastUpdateTime />
    </Product>
    <Product>
      <PriceUpdateDate>2016/01/04 18:53</PriceUpdateDate>
      <ItemCode>7290011695958</ItemCode>
      <ItemType>1</ItemType>
      <ItemName>חומץ תפוחים בד"ץ</ItemName>
      <ManufactureName>נאמן לאורך זמן בעמ</ManufactureName>
      <ManufactureCountry />
      <ManufactureItemDescription />
      <UnitQty>י"ח</UnitQty>
      <Quantity>1</Quantity>
      <UnitMeasure />
      <BisWeighted>0</BisWeighted>
      <QtyInPackage>1</QtyInPackage>
      <ItemPrice>10.90</ItemPrice>
      <UnitOfMeasurePrice>10.90</UnitOfMeasurePrice>
      <AllowDiscount>0</AllowDiscount>
      <itemStatus>1</itemStatus>
      <LastUpdateDate />
      <LastUpdateTime />
    </Product>
    <Product>
      <PriceUpdateDate>2019/03/13 14:42</PriceUpdateDate>
      <ItemCode>7290011723200</ItemCode>
      <ItemType>1</ItemType>
      <ItemName>טחינה הר ברכה 100% שומשום טהור</ItemName>
      <ManufactureName>רזיט שיווק בעמ</ManufactureName>
      <ManufactureCountry />
      <ManufactureItemDescription />
      <UnitQty>י"ח</UnitQty>
      <Quantity>500</Quantity>
      <UnitMeasure>ל  גרם</UnitMeasure>
      <BisWeighted>0</BisWeighted>
      <QtyInPackage>1</QtyInPackage>
      <ItemPrice>17.90</ItemPrice>
      <UnitOfMeasurePrice>3.58</UnitOfMeasurePrice>
      <AllowDiscount>0</AllowDiscount>
      <itemStatus>1</itemStatus>
      <LastUpdateDate />
      <LastUpdateTime />
    </Product>
    <Product>
      <PriceUpdateDate>2016/02/05 09:43</PriceUpdateDate>
      <ItemCode>7290011743826</ItemCode>
      <ItemType>1</ItemType>
      <ItemName>משחת שיניים מלבינה</ItemName>
      <ManufactureName>גורי ע.ע.ע. בעמ</ManufactureName>
      <ManufactureCountry />
      <ManufactureItemDescription />
      <UnitQty>י"ח</UnitQty>
      <Quantity>100</Quantity>
      <UnitMeasure>ל  מ"ל</UnitMeasure>
      <BisWeighted>0</BisWeighted>
      <QtyInPackage>1</QtyInPackage>
      <ItemPrice>15.90</ItemPrice>
      <UnitOfMeasurePrice>15.90</UnitOfMeasurePrice>
      <AllowDiscount>1</AllowDiscount>
      <itemStatus>1</itemStatus>
      <LastUpdateDate />
      <LastUpdateTime />
    </Product>
    <Product>
      <PriceUpdateDate>2020/03/30 13:14</PriceUpdateDate>
      <ItemCode>7290011765101</ItemCode>
      <ItemType>1</ItemType>
      <ItemName>קצף גילוח קרמה</ItemName>
      <ManufactureName>החב הדרומית לשיווק</ManufactureName>
      <ManufactureCountry />
      <ManufactureItemDescription />
      <UnitQty>י"ח</UnitQty>
      <Quantity>200</Quantity>
      <UnitMeasure>ל  מ"ל</UnitMeasure>
      <BisWeighted>0</BisWeighted>
      <QtyInPackage>1</QtyInPackage>
      <ItemPrice>10.90</ItemPrice>
      <UnitOfMeasurePrice>5.45</UnitOfMeasurePrice>
      <AllowDiscount>0</AllowDiscount>
      <itemStatus>1</itemStatus>
      <LastUpdateDate />
      <LastUpdateTime />
    </Product>
    <Product>
      <PriceUpdateDate>2019/12/09 14:32</PriceUpdateDate>
      <ItemCode>7290011765408</ItemCode>
      <ItemType>1</ItemType>
      <ItemName>שמפו+מרכך כיף בוב ספוג 750 מ"ל</ItemName>
      <ManufactureName>החב הדרומית לשיווק</ManufactureName>
      <ManufactureCountry />
      <ManufactureItemDescription />
      <UnitQty>י"ח</UnitQty>
      <Quantity>750</Quantity>
      <UnitMeasure>ל  מ"ל</UnitMeasure>
      <BisWeighted>0</BisWeighted>
      <QtyInPackage>1</QtyInPackage>
      <ItemPrice>11.90</ItemPrice>
      <UnitOfMeasurePrice>1.59</UnitOfMeasurePrice>
      <AllowDiscount>0</AllowDiscount>
      <itemStatus>1</itemStatus>
      <LastUpdateDate />
      <LastUpdateTime />
    </Product>
    <Product>
      <PriceUpdateDate>2019/12/09 14:32</PriceUpdateDate>
      <ItemCode>7290011765446</ItemCode>
      <ItemType>1</ItemType>
      <ItemName>בוב ספוג משחת שיניים</ItemName>
      <ManufactureName>החב הדרומית לשיווק</ManufactureName>
      <ManufactureCountry />
      <ManufactureItemDescription />
      <UnitQty>י"ח</UnitQty>
      <Quantity>70</Quantity>
      <UnitMeasure>ל  גרם</UnitMeasure>
      <BisWeighted>0</BisWeighted>
      <QtyInPackage>1</QtyInPackage>
      <ItemPrice>8.90</ItemPrice>
      <UnitOfMeasurePrice>12.71</UnitOfMeasurePrice>
      <AllowDiscount>1</AllowDiscount>
      <itemStatus>1</itemStatus>
      <LastUpdateDate />
      <LastUpdateTime />
    </Product>
    <Product>
      <PriceUpdateDate>2014/08/11 16:12</PriceUpdateDate>
      <ItemCode>7290011800840</ItemCode>
      <ItemType>1</ItemType>
      <ItemName>טחינה לבנה 400גר`</ItemName>
      <ManufactureName>קבוצת אוסם סחר-שות.מוגבלת</ManufactureName>
      <ManufactureCountry />
      <ManufactureItemDescription />
      <UnitQty>י"ח</UnitQty>
      <Quantity>400</Quantity>
      <UnitMeasure>ל  גרם</UnitMeasure>
      <BisWeighted>0</BisWeighted>
      <QtyInPackage>1</QtyInPackage>
      <ItemPrice>15.90</ItemPrice>
      <UnitOfMeasurePrice>3.98</UnitOfMeasurePrice>
      <AllowDiscount>0</AllowDiscount>
      <itemStatus>1</itemStatus>
      <LastUpdateDate />
      <LastUpdateTime />
    </Product>
    <Product>
      <PriceUpdateDate>2013/12/09 13:12</PriceUpdateDate>
      <ItemCode>7290011870249</ItemCode>
      <ItemType>1</ItemType>
      <ItemName>סוללות  *AAA12 פוגיקום</ItemName>
      <ManufactureName>פוגיקום בעמ</ManufactureName>
      <ManufactureCountry />
      <ManufactureItemDescription />
      <UnitQty>י"ח</UnitQty>
      <Quantity>1</Quantity>
      <UnitMeasure />
      <BisWeighted>0</BisWeighted>
      <QtyInPackage>1</QtyInPackage>
      <ItemPrice>19.90</ItemPrice>
      <UnitOfMeasurePrice>19.90</UnitOfMeasurePrice>
      <AllowDiscount>1</AllowDiscount>
      <itemStatus>1</itemStatus>
      <LastUpdateDate />
      <LastUpdateTime />
    </Product>
    <Product>
      <PriceUpdateDate>2013/12/09 13:12</PriceUpdateDate>
      <ItemCode>7290011870270</ItemCode>
      <ItemType>1</ItemType>
      <ItemName>סוללות   *AA12 פוגיקום</ItemName>
      <ManufactureName>פוגיקום בעמ</ManufactureName>
      <ManufactureCountry />
      <ManufactureItemDescription />
      <UnitQty>י"ח</UnitQty>
      <Quantity>1</Quantity>
      <UnitMeasure />
      <BisWeighted>0</BisWeighted>
      <QtyInPackage>1</QtyInPackage>
      <ItemPrice>19.90</ItemPrice>
      <UnitOfMeasurePrice>19.90</UnitOfMeasurePrice>
      <AllowDiscount>1</AllowDiscount>
      <itemStatus>1</itemStatus>
      <LastUpdateDate />
      <LastUpdateTime />
    </Product>
    <Product>
      <PriceUpdateDate>2017/02/02 10:15</PriceUpdateDate>
      <ItemCode>7290011876494</ItemCode>
      <ItemType>1</ItemType>
      <ItemName>שניצל עוף V תירס</ItemName>
      <ManufactureName>תנובה בשר</ManufactureName>
      <ManufactureCountry />
      <ManufactureItemDescription />
      <UnitQty>י"ח</UnitQty>
      <Quantity>750</Quantity>
      <UnitMeasure>ל  גרם</UnitMeasure>
      <BisWeighted>0</BisWeighted>
      <QtyInPackage>1</QtyInPackage>
      <ItemPrice>34.90</ItemPrice>
      <UnitOfMeasurePrice>4.65</UnitOfMeasurePrice>
      <AllowDiscount>0</AllowDiscount>
      <itemStatus>1</itemStatus>
      <LastUpdateDate />
      <LastUpdateTime />
    </Product>
    <Product>
      <PriceUpdateDate>2019/12/04 14:54</PriceUpdateDate>
      <ItemCode>7290011877446</ItemCode>
      <ItemType>1</ItemType>
      <ItemName>בייבי כיף קרם נגד גירוד 100 מ"ל </ItemName>
      <ManufactureName>החב הדרומית לשיווק</ManufactureName>
      <ManufactureCountry />
      <ManufactureItemDescription />
      <UnitQty>י"ח</UnitQty>
      <Quantity>100</Quantity>
      <UnitMeasure>ל  גרם</UnitMeasure>
      <BisWeighted>0</BisWeighted>
      <QtyInPackage>1</QtyInPackage>
      <ItemPrice>10.90</ItemPrice>
      <UnitOfMeasurePrice>10.90</UnitOfMeasurePrice>
      <AllowDiscount>0</AllowDiscount>
      <itemStatus>1</itemStatus>
      <LastUpdateDate />
      <LastUpdateTime />
    </Product>
    <Product>
      <PriceUpdateDate>2018/05/30 14:05</PriceUpdateDate>
      <ItemCode>7290011915346</ItemCode>
      <ItemType>1</ItemType>
      <ItemName>טורטיות 8 יח`330גר` המותג</ItemName>
      <ManufactureName>דין שיווק *****</ManufactureName>
      <ManufactureCountry />
      <ManufactureItemDescription />
      <UnitQty>י"ח</UnitQty>
      <Quantity>330</Quantity>
      <UnitMeasure>ל  גרם</UnitMeasure>
      <BisWeighted>0</BisWeighted>
      <QtyInPackage>1</QtyInPackage>
      <ItemPrice>9.90</ItemPrice>
      <UnitOfMeasurePrice>3</UnitOfMeasurePrice>
      <AllowDiscount>1</AllowDiscount>
      <itemStatus>1</itemStatus>
      <LastUpdateDate />
      <LastUpdateTime />
    </Product>
    <Product>
      <PriceUpdateDate>2014/12/14 15:25</PriceUpdateDate>
      <ItemCode>7290011931186</ItemCode>
      <ItemType>1</ItemType>
      <ItemName>מרכך מתיר קשרים אזורה 750 מ"ל</ItemName>
      <ManufactureName>שקד תבל בעמ</ManufactureName>
      <ManufactureCountry />
      <ManufactureItemDescription />
      <UnitQty>י"ח</UnitQty>
      <Quantity>750</Quantity>
      <UnitMeasure>ל  מ"ל</UnitMeasure>
      <BisWeighted>0</BisWeighted>
      <QtyInPackage>1</QtyInPackage>
      <ItemPrice>12.90</ItemPrice>
      <UnitOfMeasurePrice>1.72</UnitOfMeasurePrice>
      <AllowDiscount>0</AllowDiscount>
      <itemStatus>1</itemStatus>
      <LastUpdateDate />
      <LastUpdateTime />
    </Product>
    <Product>
      <PriceUpdateDate>2019/07/01 10:47</PriceUpdateDate>
      <ItemCode>7290011947262</ItemCode>
      <ItemType>1</ItemType>
      <ItemName>זית ירוק בתיבול גלילי 217גר רבנות</ItemName>
      <ManufactureName>תה ויסוצקי (ישראל)בעמ</ManufactureName>
      <ManufactureCountry />
      <ManufactureItemDescription />
      <UnitQty>י"ח</UnitQty>
      <Quantity>560</Quantity>
      <UnitMeasure>ל  גרם</UnitMeasure>
      <BisWeighted>0</BisWeighted>
      <QtyInPackage>1</QtyInPackage>
      <ItemPrice>14.90</ItemPrice>
      <UnitOfMeasurePrice>2.66</UnitOfMeasurePrice>
      <AllowDiscount>1</AllowDiscount>
      <itemStatus>1</itemStatus>
      <LastUpdateDate />
      <LastUpdateTime />
    </Product>
    <Product>
      <PriceUpdateDate>2017/11/19 16:37</PriceUpdateDate>
      <ItemCode>7290011947309</ItemCode>
      <ItemType>1</ItemType>
      <ItemName>זית סורי מבוקע עם לימון כבוש  220גר</ItemName>
      <ManufactureName>תה ויסוצקי (ישראל)בעמ</ManufactureName>
      <ManufactureCountry />
      <ManufactureItemDescription />
      <UnitQty>י"ח</UnitQty>
      <Quantity>560</Quantity>
      <UnitMeasure>ל  גרם</UnitMeasure>
      <BisWeighted>0</BisWeighted>
      <QtyInPackage>1</QtyInPackage>
      <ItemPrice>14.90</ItemPrice>
      <UnitOfMeasurePrice>2.66</UnitOfMeasurePrice>
      <AllowDiscount>1</AllowDiscount>
      <itemStatus>1</itemStatus>
      <LastUpdateDate />
      <LastUpdateTime />
    </Product>
    <Product>
      <PriceUpdateDate>2019/08/25 07:41</PriceUpdateDate>
      <ItemCode>7290011947729</ItemCode>
      <ItemType>1</ItemType>
      <ItemName>זית גראנדה 215 גרם</ItemName>
      <ManufactureName>תה ויסוצקי (ישראל)בעמ</ManufactureName>
      <ManufactureCountry />
      <ManufactureItemDescription />
      <UnitQty>י"ח</UnitQty>
      <Quantity>200</Quantity>
      <UnitMeasure>ל  גרם</UnitMeasure>
      <BisWeighted>0</BisWeighted>
      <QtyInPackage>1</QtyInPackage>
      <ItemPrice>14.90</ItemPrice>
      <UnitOfMeasurePrice>7.45</UnitOfMeasurePrice>
      <AllowDiscount>1</AllowDiscount>
      <itemStatus>1</itemStatus>
      <LastUpdateDate />
      <LastUpdateTime />
    </Product>
    <Product>
      <PriceUpdateDate>2013/12/09 16:11</PriceUpdateDate>
      <ItemCode>7290012001994</ItemCode>
      <ItemType>1</ItemType>
      <ItemName>חרדל דיג`ון גרעינים 370 גר`כשל"פ</ItemName>
      <ManufactureName>דיפלומט בעמ</ManufactureName>
      <ManufactureCountry />
      <ManufactureItemDescription />
      <UnitQty>י"ח</UnitQty>
      <Quantity>370</Quantity>
      <UnitMeasure>ל  גרם</UnitMeasure>
      <BisWeighted>0</BisWeighted>
      <QtyInPackage>1</QtyInPackage>
      <ItemPrice>11.90</ItemPrice>
      <UnitOfMeasurePrice>3.22</UnitOfMeasurePrice>
      <AllowDiscount>0</AllowDiscount>
      <itemStatus>1</itemStatus>
      <LastUpdateDate />
      <LastUpdateTime />
    </Product>
    <Product>
      <PriceUpdateDate>2018/10/18 17:26</PriceUpdateDate>
      <ItemCode>7290012019258</ItemCode>
      <ItemType>1</ItemType>
      <ItemName>רסק תפו"ע 4יח`</ItemName>
      <ManufactureName>תומר יבוא ושיווק מזון</ManufactureName>
      <ManufactureCountry />
      <ManufactureItemDescription />
      <UnitQty>י"ח</UnitQty>
      <Quantity>1</Quantity>
      <UnitMeasure />
      <BisWeighted>0</BisWeighted>
      <QtyInPackage>1</QtyInPackage>
      <ItemPrice>11.90</ItemPrice>
      <UnitOfMeasurePrice>11.90</UnitOfMeasurePrice>
      <AllowDiscount>0</AllowDiscount>
      <itemStatus>1</itemStatus>
      <LastUpdateDate />
      <LastUpdateTime />
    </Product>
    <Product>
      <PriceUpdateDate>2014/11/18 12:02</PriceUpdateDate>
      <ItemCode>7290012022203</ItemCode>
      <ItemType>1</ItemType>
      <ItemName>קליליות חיטה מלאה</ItemName>
      <ManufactureName>דילייט 2005 בעמ</ManufactureName>
      <ManufactureCountry />
      <ManufactureItemDescription />
      <UnitQty>י"ח</UnitQty>
      <Quantity>140</Quantity>
      <UnitMeasure>ל  גרם</UnitMeasure>
      <BisWeighted>0</BisWeighted>
      <QtyInPackage>1</QtyInPackage>
      <ItemPrice>13.50</ItemPrice>
      <UnitOfMeasurePrice>9.64</UnitOfMeasurePrice>
      <AllowDiscount>0</AllowDiscount>
      <itemStatus>1</itemStatus>
      <LastUpdateDate />
      <LastUpdateTime />
    </Product>
    <Product>
      <PriceUpdateDate>2014/11/18 12:02</PriceUpdateDate>
      <ItemCode>7290012022227</ItemCode>
      <ItemType>1</ItemType>
      <ItemName>קליליות חיטה טעם טבעי</ItemName>
      <ManufactureName>דילייט 2005 בעמ</ManufactureName>
      <ManufactureCountry />
      <ManufactureItemDescription />
      <UnitQty>י"ח</UnitQty>
      <Quantity>140</Quantity>
      <UnitMeasure>ל  גרם</UnitMeasure>
      <BisWeighted>0</BisWeighted>
      <QtyInPackage>1</QtyInPackage>
      <ItemPrice>11.90</ItemPrice>
      <UnitOfMeasurePrice>8.50</UnitOfMeasurePrice>
      <AllowDiscount>0</AllowDiscount>
      <itemStatus>1</itemStatus>
      <LastUpdateDate />
      <LastUpdateTime />
    </Product>
    <Product>
      <PriceUpdateDate>2015/07/20 11:25</PriceUpdateDate>
      <ItemCode>7290012022272</ItemCode>
      <ItemType>1</ItemType>
      <ItemName>קליליות קידס 30גר</ItemName>
      <ManufactureName>דילייט 2005 בעמ</ManufactureName>
      <ManufactureCountry />
      <ManufactureItemDescription />
      <UnitQty>י"ח</UnitQty>
      <Quantity>30</Quantity>
      <UnitMeasure>ל  גרם</UnitMeasure>
      <BisWeighted>0</BisWeighted>
      <QtyInPackage>1</QtyInPackage>
      <ItemPrice>10.90</ItemPrice>
      <UnitOfMeasurePrice>36.33</UnitOfMeasurePrice>
      <AllowDiscount>0</AllowDiscount>
      <itemStatus>1</itemStatus>
      <LastUpdateDate />
      <LastUpdateTime />
    </Product>
    <Product>
      <PriceUpdateDate>2019/07/29 07:34</PriceUpdateDate>
      <ItemCode>7290012030475</ItemCode>
      <ItemType>1</ItemType>
      <ItemName>אל אם אדום קצר</ItemName>
      <ManufactureName>פיליפ מוריס בעמ</ManufactureName>
      <ManufactureCountry />
      <ManufactureItemDescription />
      <UnitQty>י"ח</UnitQty>
      <Quantity>1</Quantity>
      <UnitMeasure />
      <BisWeighted>0</BisWeighted>
      <QtyInPackage>1</QtyInPackage>
      <ItemPrice>29.90</ItemPrice>
      <UnitOfMeasurePrice>29.90</UnitOfMeasurePrice>
      <AllowDiscount>0</AllowDiscount>
      <itemStatus>1</itemStatus>
      <LastUpdateDate />
      <LastUpdateTime />
    </Product>
    <Product>
      <PriceUpdateDate>2019/07/29 07:34</PriceUpdateDate>
      <ItemCode>7290012030499</ItemCode>
      <ItemType>1</ItemType>
      <ItemName>אל אם  קצר</ItemName>
      <ManufactureName>פיליפ מוריס בעמ</ManufactureName>
      <ManufactureCountry />
      <ManufactureItemDescription />
      <UnitQty>י"ח</UnitQty>
      <Quantity>1</Quantity>
      <UnitMeasure />
      <BisWeighted>0</BisWeighted>
      <QtyInPackage>1</QtyInPackage>
      <ItemPrice>29.90</ItemPrice>
      <UnitOfMeasurePrice>29.90</UnitOfMeasurePrice>
      <AllowDiscount>0</AllowDiscount>
      <itemStatus>1</itemStatus>
      <LastUpdateDate />
      <LastUpdateTime />
    </Product>
    <Product>
      <PriceUpdateDate>2019/11/21 07:11</PriceUpdateDate>
      <ItemCode>7290012040054</ItemCode>
      <ItemType>1</ItemType>
      <ItemName>אל אם וייב 10יח פקאט</ItemName>
      <ManufactureName>פיליפ מוריס בעמ</ManufactureName>
      <ManufactureCountry />
      <ManufactureItemDescription />
      <UnitQty>י"ח</UnitQty>
      <Quantity>1</Quantity>
      <UnitMeasure />
      <BisWeighted>0</BisWeighted>
      <QtyInPackage>1</QtyInPackage>
      <ItemPrice>290</ItemPrice>
      <UnitOfMeasurePrice>290</UnitOfMeasurePrice>
      <AllowDiscount>0</AllowDiscount>
      <itemStatus>1</itemStatus>
      <LastUpdateDate />
      <LastUpdateTime />
    </Product>
    <Product>
      <PriceUpdateDate>2019/11/21 07:09</PriceUpdateDate>
      <ItemCode>7290012040078</ItemCode>
      <ItemType>1</ItemType>
      <ItemName>נקסט פיין</ItemName>
      <ManufactureName>פיליפ מוריס בעמ</ManufactureName>
      <ManufactureCountry />
      <ManufactureItemDescription />
      <UnitQty>י"ח</UnitQty>
      <Quantity>1</Quantity>
      <UnitMeasure />
      <BisWeighted>0</BisWeighted>
      <QtyInPackage>1</QtyInPackage>
      <ItemPrice>279.90</ItemPrice>
      <UnitOfMeasurePrice>279.90</UnitOfMeasurePrice>
      <AllowDiscount>0</AllowDiscount>
      <itemStatus>1</itemStatus>
      <LastUpdateDate />
      <LastUpdateTime />
    </Product>
    <Product>
      <PriceUpdateDate>2019/11/21 07:09</PriceUpdateDate>
      <ItemCode>7290012040252</ItemCode>
      <ItemType>1</ItemType>
      <ItemName>מרלבורו גולד  X 10יח</ItemName>
      <ManufactureName>פיליפ מוריס בעמ</ManufactureName>
      <ManufactureCountry />
      <ManufactureItemDescription />
      <UnitQty>י"ח</UnitQty>
      <Quantity>1</Quantity>
      <UnitMeasure />
      <BisWeighted>0</BisWeighted>
      <QtyInPackage>1</QtyInPackage>
      <ItemPrice>334</ItemPrice>
      <UnitOfMeasurePrice>334</UnitOfMeasurePrice>
      <AllowDiscount>0</AllowDiscount>
      <itemStatus>1</itemStatus>
      <LastUpdateDate />
      <LastUpdateTime />
    </Product>
    <Product>
      <PriceUpdateDate>2019/12/04 14:54</PriceUpdateDate>
      <ItemCode>7290012116537</ItemCode>
      <ItemType>1</ItemType>
      <ItemName>א.כביסה מקסימה מאסק 2.5 ק"ג</ItemName>
      <ManufactureName>החב הדרומית לשיווק</ManufactureName>
      <ManufactureCountry />
      <ManufactureItemDescription />
      <UnitQty>י"ח</UnitQty>
      <Quantity>2.50</Quantity>
      <UnitMeasure>ק"ג</UnitMeasure>
      <BisWeighted>0</BisWeighted>
      <QtyInPackage>1</QtyInPackage>
      <ItemPrice>25.90</ItemPrice>
      <UnitOfMeasurePrice>10.36</UnitOfMeasurePrice>
      <AllowDiscount>1</AllowDiscount>
      <itemStatus>1</itemStatus>
      <LastUpdateDate />
      <LastUpdateTime />
    </Product>
    <Product>
      <PriceUpdateDate>2019/12/09 11:49</PriceUpdateDate>
      <ItemCode>7290012116551</ItemCode>
      <ItemType>1</ItemType>
      <ItemName>אנטי קאלק  4ב 1   2 ליטר</ItemName>
      <ManufactureName>החב הדרומית לשיווק</ManufactureName>
      <ManufactureCountry />
      <ManufactureItemDescription />
      <UnitQty>י"ח</UnitQty>
      <Quantity>2</Quantity>
      <UnitMeasure>ליטר</UnitMeasure>
      <BisWeighted>0</BisWeighted>
      <QtyInPackage>1</QtyInPackage>
      <ItemPrice>20.90</ItemPrice>
      <UnitOfMeasurePrice>10.45</UnitOfMeasurePrice>
      <AllowDiscount>0</AllowDiscount>
      <itemStatus>1</itemStatus>
      <LastUpdateDate />
      <LastUpdateTime />
    </Product>
    <Product>
      <PriceUpdateDate>2019/12/09 14:31</PriceUpdateDate>
      <ItemCode>7290012116629</ItemCode>
      <ItemType>1</ItemType>
      <ItemName>סנודי ילדים רולאון</ItemName>
      <ManufactureName>החב הדרומית לשיווק</ManufactureName>
      <ManufactureCountry />
      <ManufactureItemDescription />
      <UnitQty>י"ח</UnitQty>
      <Quantity>1</Quantity>
      <UnitMeasure />
      <BisWeighted>0</BisWeighted>
      <QtyInPackage>1</QtyInPackage>
      <ItemPrice>19.90</ItemPrice>
      <UnitOfMeasurePrice>19.90</UnitOfMeasurePrice>
      <AllowDiscount>0</AllowDiscount>
      <itemStatus>1</itemStatus>
      <LastUpdateDate />
      <LastUpdateTime />
    </Product>
    <Product>
      <PriceUpdateDate>2019/12/04 14:54</PriceUpdateDate>
      <ItemCode>7290012117411</ItemCode>
      <ItemType>1</ItemType>
      <ItemName>גיל רחצה קרמה מן במבוק 700 מ"ל</ItemName>
      <ManufactureName>החב הדרומית לשיווק</ManufactureName>
      <ManufactureCountry />
      <ManufactureItemDescription />
      <UnitQty>י"ח</UnitQty>
      <Quantity>700</Quantity>
      <UnitMeasure>ל  מ"ל</UnitMeasure>
      <BisWeighted>0</BisWeighted>
      <QtyInPackage>1</QtyInPackage>
      <ItemPrice>14.90</ItemPrice>
      <UnitOfMeasurePrice>2.13</UnitOfMeasurePrice>
      <AllowDiscount>0</AllowDiscount>
      <itemStatus>1</itemStatus>
      <LastUpdateDate />
      <LastUpdateTime />
    </Product>
    <Product>
      <PriceUpdateDate>2020/03/12 10:24</PriceUpdateDate>
      <ItemCode>7290012117428</ItemCode>
      <ItemType>1</ItemType>
      <ItemName>שמפו וגיל רחצה  קרמה מן  2 ב -1 700מיי</ItemName>
      <ManufactureName>החב הדרומית לשיווק</ManufactureName>
      <ManufactureCountry />
      <ManufactureItemDescription />
      <UnitQty>י"ח</UnitQty>
      <Quantity>700</Quantity>
      <UnitMeasure>ל  מ"ל</UnitMeasure>
      <BisWeighted>0</BisWeighted>
      <QtyInPackage>1</QtyInPackage>
      <ItemPrice>14.90</ItemPrice>
      <UnitOfMeasurePrice>2.13</UnitOfMeasurePrice>
      <AllowDiscount>0</AllowDiscount>
      <itemStatus>1</itemStatus>
      <LastUpdateDate />
      <LastUpdateTime />
    </Product>
    <Product>
      <PriceUpdateDate>2019/12/04 14:54</PriceUpdateDate>
      <ItemCode>7290012117534</ItemCode>
      <ItemType>1</ItemType>
      <ItemName>מרכך מקסימה סופר מרוכז COOL 1 ליטר</ItemName>
      <ManufactureName>החב הדרומית לשיווק</ManufactureName>
      <ManufactureCountry />
      <ManufactureItemDescription />
      <UnitQty>י"ח</UnitQty>
      <Quantity>1</Quantity>
      <UnitMeasure>ליטר</UnitMeasure>
      <BisWeighted>0</BisWeighted>
      <QtyInPackage>1</QtyInPackage>
      <ItemPrice>15.90</ItemPrice>
      <UnitOfMeasurePrice>15.90</UnitOfMeasurePrice>
      <AllowDiscount>1</AllowDiscount>
      <itemStatus>1</itemStatus>
      <LastUpdateDate />
      <LastUpdateTime />
    </Product>
    <Product>
      <PriceUpdateDate>2019/12/04 14:54</PriceUpdateDate>
      <ItemCode>7290012117541</ItemCode>
      <ItemType>1</ItemType>
      <ItemName>מרכך מקסימה סופר מרוכז ZEN 1ליטר</ItemName>
      <ManufactureName>החב הדרומית לשיווק</ManufactureName>
      <ManufactureCountry />
      <ManufactureItemDescription />
      <UnitQty>י"ח</UnitQty>
      <Quantity>1</Quantity>
      <UnitMeasure>ליטר</UnitMeasure>
      <BisWeighted>0</BisWeighted>
      <QtyInPackage>1</QtyInPackage>
      <ItemPrice>15.90</ItemPrice>
      <UnitOfMeasurePrice>15.90</UnitOfMeasurePrice>
      <AllowDiscount>1</AllowDiscount>
      <itemStatus>1</itemStatus>
      <LastUpdateDate />
      <LastUpdateTime />
    </Product>
    <Product>
      <PriceUpdateDate>2019/12/04 14:54</PriceUpdateDate>
      <ItemCode>7290012117558</ItemCode>
      <ItemType>1</ItemType>
      <ItemName>מרכך מקסימה סופר מרוכז מאסק 1 ליטר</ItemName>
      <ManufactureName>החב הדרומית לשיווק</ManufactureName>
      <ManufactureCountry />
      <ManufactureItemDescription />
      <UnitQty>י"ח</UnitQty>
      <Quantity>1</Quantity>
      <UnitMeasure>ליטר</UnitMeasure>
      <BisWeighted>0</BisWeighted>
      <QtyInPackage>1</QtyInPackage>
      <ItemPrice>15.90</ItemPrice>
      <UnitOfMeasurePrice>15.90</UnitOfMeasurePrice>
      <AllowDiscount>1</AllowDiscount>
      <itemStatus>1</itemStatus>
      <LastUpdateDate />
      <LastUpdateTime />
    </Product>
    <Product>
      <PriceUpdateDate>2019/12/09 14:32</PriceUpdateDate>
      <ItemCode>7290012117626</ItemCode>
      <ItemType>1</ItemType>
      <ItemName>אורביטול קיד מי פה בב ספוג 250 מ"ל</ItemName>
      <ManufactureName>החב הדרומית לשיווק</ManufactureName>
      <ManufactureCountry />
      <ManufactureItemDescription />
      <UnitQty>י"ח</UnitQty>
      <Quantity>250</Quantity>
      <UnitMeasure>ל  מ"ל</UnitMeasure>
      <BisWeighted>0</BisWeighted>
      <QtyInPackage>1</QtyInPackage>
      <ItemPrice>11.90</ItemPrice>
      <UnitOfMeasurePrice>4.76</UnitOfMeasurePrice>
      <AllowDiscount>1</AllowDiscount>
      <itemStatus>1</itemStatus>
      <LastUpdateDate />
      <LastUpdateTime />
    </Product>
    <Product>
      <PriceUpdateDate>2019/12/09 14:32</PriceUpdateDate>
      <ItemCode>7290012117916</ItemCode>
      <ItemType>1</ItemType>
      <ItemName>סנו אינסטלטור נוזלי 1 ליטר</ItemName>
      <ManufactureName>החב הדרומית לשיווק</ManufactureName>
      <ManufactureCountry />
      <ManufactureItemDescription />
      <UnitQty>י"ח</UnitQty>
      <Quantity>1</Quantity>
      <UnitMeasure>ליטר</UnitMeasure>
      <BisWeighted>0</BisWeighted>
      <QtyInPackage>1</QtyInPackage>
      <ItemPrice>29.90</ItemPrice>
      <UnitOfMeasurePrice>29.90</UnitOfMeasurePrice>
      <AllowDiscount>0</AllowDiscount>
      <itemStatus>1</itemStatus>
      <LastUpdateDate />
      <LastUpdateTime />
    </Product>
    <Product>
      <PriceUpdateDate>2019/02/19 10:37</PriceUpdateDate>
      <ItemCode>7290012139482</ItemCode>
      <ItemType>1</ItemType>
      <ItemName>בונזו גוי עצם מעושנת עור עוף 160ג</ItemName>
      <ManufactureName>דיפלומט בעמ</ManufactureName>
      <ManufactureCountry />
      <ManufactureItemDescription />
      <UnitQty>י"ח</UnitQty>
      <Quantity>3</Quantity>
      <UnitMeasure>ק"ג</UnitMeasure>
      <BisWeighted>0</BisWeighted>
      <QtyInPackage>1</QtyInPackage>
      <ItemPrice>18.50</ItemPrice>
      <UnitOfMeasurePrice>6.17</UnitOfMeasurePrice>
      <AllowDiscount>0</AllowDiscount>
      <itemStatus>1</itemStatus>
      <LastUpdateDate />
      <LastUpdateTime />
    </Product>
    <Product>
      <PriceUpdateDate>2019/02/19 10:37</PriceUpdateDate>
      <ItemCode>7290012139499</ItemCode>
      <ItemType>1</ItemType>
      <ItemName>בונזו גוי עצם מעושנת עור עוף 165ג</ItemName>
      <ManufactureName>דיפלומט בעמ</ManufactureName>
      <ManufactureCountry />
      <ManufactureItemDescription />
      <UnitQty>י"ח</UnitQty>
      <Quantity>3</Quantity>
      <UnitMeasure>ק"ג</UnitMeasure>
      <BisWeighted>0</BisWeighted>
      <QtyInPackage>1</QtyInPackage>
      <ItemPrice>18.50</ItemPrice>
      <UnitOfMeasurePrice>6.17</UnitOfMeasurePrice>
      <AllowDiscount>0</AllowDiscount>
      <itemStatus>1</itemStatus>
      <LastUpdateDate />
      <LastUpdateTime />
    </Product>
    <Product>
      <PriceUpdateDate>2020/04/30 10:42</PriceUpdateDate>
      <ItemCode>7290012173615</ItemCode>
      <ItemType>1</ItemType>
      <ItemName>פקאן סיני 150 גרם</ItemName>
      <ManufactureName>זארובי פיצוחי הגליל</ManufactureName>
      <ManufactureCountry />
      <ManufactureItemDescription />
      <UnitQty>י"ח</UnitQty>
      <Quantity>150</Quantity>
      <UnitMeasure>ל  גרם</UnitMeasure>
      <BisWeighted>0</BisWeighted>
      <QtyInPackage>1</QtyInPackage>
      <ItemPrice>21.90</ItemPrice>
      <UnitOfMeasurePrice>14.60</UnitOfMeasurePrice>
      <AllowDiscount>1</AllowDiscount>
      <itemStatus>1</itemStatus>
      <LastUpdateDate />
      <LastUpdateTime />
    </Product>
    <Product>
      <PriceUpdateDate>2020/04/30 10:42</PriceUpdateDate>
      <ItemCode>7290012173837</ItemCode>
      <ItemType>1</ItemType>
      <ItemName>קשיו 170גר</ItemName>
      <ManufactureName>זארובי פיצוחי הגליל</ManufactureName>
      <ManufactureCountry />
      <ManufactureItemDescription />
      <UnitQty>י"ח</UnitQty>
      <Quantity>170</Quantity>
      <UnitMeasure>ל  גרם</UnitMeasure>
      <BisWeighted>0</BisWeighted>
      <QtyInPackage>1</QtyInPackage>
      <ItemPrice>14.90</ItemPrice>
      <UnitOfMeasurePrice>8.76</UnitOfMeasurePrice>
      <AllowDiscount>1</AllowDiscount>
      <itemStatus>1</itemStatus>
      <LastUpdateDate />
      <LastUpdateTime />
    </Product>
    <Product>
      <PriceUpdateDate>2013/12/25 10:16</PriceUpdateDate>
      <ItemCode>7290012191053</ItemCode>
      <ItemType>1</ItemType>
      <ItemName>גפרור ארוך 95מ"מ</ItemName>
      <ManufactureName>ח.כהן סוכנות מזון ומשקאות בע</ManufactureName>
      <ManufactureCountry />
      <ManufactureItemDescription />
      <UnitQty>י"ח</UnitQty>
      <Quantity>1</Quantity>
      <UnitMeasure />
      <BisWeighted>0</BisWeighted>
      <QtyInPackage>1</QtyInPackage>
      <ItemPrice>7.50</ItemPrice>
      <UnitOfMeasurePrice>7.50</UnitOfMeasurePrice>
      <AllowDiscount>0</AllowDiscount>
      <itemStatus>1</itemStatus>
      <LastUpdateDate />
      <LastUpdateTime />
    </Product>
    <Product>
      <PriceUpdateDate>2019/09/17 08:23</PriceUpdateDate>
      <ItemCode>7290012191206</ItemCode>
      <ItemType>1</ItemType>
      <ItemName>פחם למנגל  2 ק"ג</ItemName>
      <ManufactureName>ח.כהן סוכנות מזון ומשקאות בע</ManufactureName>
      <ManufactureCountry />
      <ManufactureItemDescription />
      <UnitQty>י"ח</UnitQty>
      <Quantity>2</Quantity>
      <UnitMeasure>ק"ג</UnitMeasure>
      <BisWeighted>0</BisWeighted>
      <QtyInPackage>1</QtyInPackage>
      <ItemPrice>14.90</ItemPrice>
      <UnitOfMeasurePrice>7.45</UnitOfMeasurePrice>
      <AllowDiscount>0</AllowDiscount>
      <itemStatus>1</itemStatus>
      <LastUpdateDate />
      <LastUpdateTime />
    </Product>
    <Product>
      <PriceUpdateDate>2014/08/26 10:47</PriceUpdateDate>
      <ItemCode>7290012226021</ItemCode>
      <ItemType>1</ItemType>
      <ItemName>סלמי מעושן פראג 400 ג`</ItemName>
      <ManufactureName>זוגלובק שיווק בעמ</ManufactureName>
      <ManufactureCountry />
      <ManufactureItemDescription />
      <UnitQty>י"ח</UnitQty>
      <Quantity>400</Quantity>
      <UnitMeasure>ל  גרם</UnitMeasure>
      <BisWeighted>0</BisWeighted>
      <QtyInPackage>1</QtyInPackage>
      <ItemPrice>19.90</ItemPrice>
      <UnitOfMeasurePrice>4.98</UnitOfMeasurePrice>
      <AllowDiscount>1</AllowDiscount>
      <itemStatus>1</itemStatus>
      <LastUpdateDate />
      <LastUpdateTime />
    </Product>
    <Product>
      <PriceUpdateDate>2013/12/12 14:51</PriceUpdateDate>
      <ItemCode>7290012226120</ItemCode>
      <ItemType>1</ItemType>
      <ItemName>קבנוס 135 ג`</ItemName>
      <ManufactureName>זוגלובק שיווק בעמ</ManufactureName>
      <ManufactureCountry />
      <ManufactureItemDescription />
      <UnitQty>י"ח</UnitQty>
      <Quantity>135</Quantity>
      <UnitMeasure>ל  גרם</UnitMeasure>
      <BisWeighted>0</BisWeighted>
      <QtyInPackage>1</QtyInPackage>
      <ItemPrice>11</ItemPrice>
      <UnitOfMeasurePrice>8.15</UnitOfMeasurePrice>
      <AllowDiscount>1</AllowDiscount>
      <itemStatus>1</itemStatus>
      <LastUpdateDate />
      <LastUpdateTime />
    </Product>
    <Product>
      <PriceUpdateDate>2013/12/12 14:45</PriceUpdateDate>
      <ItemCode>7290012226922</ItemCode>
      <ItemType>1</ItemType>
      <ItemName>קבנוס טעם שום 135גרם</ItemName>
      <ManufactureName>זוגלובק שיווק בעמ</ManufactureName>
      <ManufactureCountry />
      <ManufactureItemDescription />
      <UnitQty>י"ח</UnitQty>
      <Quantity>135</Quantity>
      <UnitMeasure>ל  גרם</UnitMeasure>
      <BisWeighted>0</BisWeighted>
      <QtyInPackage>1</QtyInPackage>
      <ItemPrice>11</ItemPrice>
      <UnitOfMeasurePrice>8.15</UnitOfMeasurePrice>
      <AllowDiscount>1</AllowDiscount>
      <itemStatus>1</itemStatus>
      <LastUpdateDate />
      <LastUpdateTime />
    </Product>
    <Product>
      <PriceUpdateDate>2013/12/12 14:27</PriceUpdateDate>
      <ItemCode>7290012226977</ItemCode>
      <ItemType>1</ItemType>
      <ItemName>המבורגר בקר 100% רכיבים טבעיים 400גרם</ItemName>
      <ManufactureName>זוגלובק שיווק בעמ</ManufactureName>
      <ManufactureCountry />
      <ManufactureItemDescription />
      <UnitQty>י"ח</UnitQty>
      <Quantity>400</Quantity>
      <UnitMeasure>ל  גרם</UnitMeasure>
      <BisWeighted>0</BisWeighted>
      <QtyInPackage>1</QtyInPackage>
      <ItemPrice>21.90</ItemPrice>
      <UnitOfMeasurePrice>5.48</UnitOfMeasurePrice>
      <AllowDiscount>1</AllowDiscount>
      <itemStatus>1</itemStatus>
      <LastUpdateDate />
      <LastUpdateTime />
    </Product>
    <Product>
      <PriceUpdateDate>2019/10/17 12:28</PriceUpdateDate>
      <ItemCode>7290012226991</ItemCode>
      <ItemType>1</ItemType>
      <ItemName>נקניקיות ג`מבו 1.5 ק"ג</ItemName>
      <ManufactureName>זוגלובק שיווק בעמ</ManufactureName>
      <ManufactureCountry />
      <ManufactureItemDescription />
      <UnitQty>י"ח</UnitQty>
      <Quantity>1.50</Quantity>
      <UnitMeasure>י"ח</UnitMeasure>
      <BisWeighted>0</BisWeighted>
      <QtyInPackage>1</QtyInPackage>
      <ItemPrice>24.90</ItemPrice>
      <UnitOfMeasurePrice>16.60</UnitOfMeasurePrice>
      <AllowDiscount>0</AllowDiscount>
      <itemStatus>1</itemStatus>
      <LastUpdateDate />
      <LastUpdateTime />
    </Product>
    <Product>
      <PriceUpdateDate>2014/10/02 09:24</PriceUpdateDate>
      <ItemCode>7290012227172</ItemCode>
      <ItemType>1</ItemType>
      <ItemName>מארז פסטרמה כפרית חרמון 300גר+300גר</ItemName>
      <ManufactureName>זוגלובק שיווק בעמ</ManufactureName>
      <ManufactureCountry />
      <ManufactureItemDescription />
      <UnitQty>י"ח</UnitQty>
      <Quantity>600</Quantity>
      <UnitMeasure>ל  גרם</UnitMeasure>
      <BisWeighted>0</BisWeighted>
      <QtyInPackage>1</QtyInPackage>
      <ItemPrice>31.90</ItemPrice>
      <UnitOfMeasurePrice>5.32</UnitOfMeasurePrice>
      <AllowDiscount>1</AllowDiscount>
      <itemStatus>1</itemStatus>
      <LastUpdateDate />
      <LastUpdateTime />
    </Product>
    <Product>
      <PriceUpdateDate>2014/10/01 09:46</PriceUpdateDate>
      <ItemCode>7290012227622</ItemCode>
      <ItemType>1</ItemType>
      <ItemName>חרמון כפרית דבש 400גר מחפוד</ItemName>
      <ManufactureName>זוגלובק שיווק בעמ</ManufactureName>
      <ManufactureCountry />
      <ManufactureItemDescription />
      <UnitQty>י"ח</UnitQty>
      <Quantity>400</Quantity>
      <UnitMeasure>ל  גרם</UnitMeasure>
      <BisWeighted>0</BisWeighted>
      <QtyInPackage>1</QtyInPackage>
      <ItemPrice>21.90</ItemPrice>
      <UnitOfMeasurePrice>5.48</UnitOfMeasurePrice>
      <AllowDiscount>1</AllowDiscount>
      <itemStatus>1</itemStatus>
      <LastUpdateDate />
      <LastUpdateTime />
    </Product>
    <Product>
      <PriceUpdateDate>2016/07/28 12:28</PriceUpdateDate>
      <ItemCode>7290012227912</ItemCode>
      <ItemType>1</ItemType>
      <ItemName>קבנוס מעודן 135גר</ItemName>
      <ManufactureName>זוגלובק שיווק בעמ</ManufactureName>
      <ManufactureCountry />
      <ManufactureItemDescription />
      <UnitQty>י"ח</UnitQty>
      <Quantity>135</Quantity>
      <UnitMeasure>ל  גרם</UnitMeasure>
      <BisWeighted>0</BisWeighted>
      <QtyInPackage>1</QtyInPackage>
      <ItemPrice>10.90</ItemPrice>
      <UnitOfMeasurePrice>8.07</UnitOfMeasurePrice>
      <AllowDiscount>1</AllowDiscount>
      <itemStatus>1</itemStatus>
      <LastUpdateDate />
      <LastUpdateTime />
    </Product>
    <Product>
      <PriceUpdateDate>2019/01/13 15:44</PriceUpdateDate>
      <ItemCode>7290012227974</ItemCode>
      <ItemType>1</ItemType>
      <ItemName>פסטרמה בדבש  120גר`</ItemName>
      <ManufactureName>זוגלובק שיווק בעמ</ManufactureName>
      <ManufactureCountry />
      <ManufactureItemDescription />
      <UnitQty>י"ח</UnitQty>
      <Quantity>120</Quantity>
      <UnitMeasure>ל  גרם</UnitMeasure>
      <BisWeighted>0</BisWeighted>
      <QtyInPackage>1</QtyInPackage>
      <ItemPrice>13.90</ItemPrice>
      <UnitOfMeasurePrice>11.58</UnitOfMeasurePrice>
      <AllowDiscount>1</AllowDiscount>
      <itemStatus>1</itemStatus>
      <LastUpdateDate />
      <LastUpdateTime />
    </Product>
    <Product>
      <PriceUpdateDate>2019/01/13 15:44</PriceUpdateDate>
      <ItemCode>7290012227981</ItemCode>
      <ItemType>1</ItemType>
      <ItemName>פסטרמה ברביקיו 120גר`</ItemName>
      <ManufactureName>זוגלובק שיווק בעמ</ManufactureName>
      <ManufactureCountry />
      <ManufactureItemDescription />
      <UnitQty>י"ח</UnitQty>
      <Quantity>120</Quantity>
      <UnitMeasure>ל  גרם</UnitMeasure>
      <BisWeighted>0</BisWeighted>
      <QtyInPackage>1</QtyInPackage>
      <ItemPrice>13.90</ItemPrice>
      <UnitOfMeasurePrice>11.58</UnitOfMeasurePrice>
      <AllowDiscount>1</AllowDiscount>
      <itemStatus>1</itemStatus>
      <LastUpdateDate />
      <LastUpdateTime />
    </Product>
    <Product>
      <PriceUpdateDate>2019/01/13 15:44</PriceUpdateDate>
      <ItemCode>7290012228230</ItemCode>
      <ItemType>1</ItemType>
      <ItemName>פסטרמה חזה עוף 120גר`</ItemName>
      <ManufactureName>זוגלובק שיווק בעמ</ManufactureName>
      <ManufactureCountry />
      <ManufactureItemDescription />
      <UnitQty>י"ח</UnitQty>
      <Quantity>120</Quantity>
      <UnitMeasure>ל  גרם</UnitMeasure>
      <BisWeighted>0</BisWeighted>
      <QtyInPackage>1</QtyInPackage>
      <ItemPrice>13.90</ItemPrice>
      <UnitOfMeasurePrice>11.58</UnitOfMeasurePrice>
      <AllowDiscount>1</AllowDiscount>
      <itemStatus>1</itemStatus>
      <LastUpdateDate />
      <LastUpdateTime />
    </Product>
    <Product>
      <PriceUpdateDate>2018/05/24 10:29</PriceUpdateDate>
      <ItemCode>7290012228520</ItemCode>
      <ItemType>1</ItemType>
      <ItemName>ריבועי בצק עלים 400ג</ItemName>
      <ManufactureName>זוגלובק שיווק בעמ</ManufactureName>
      <ManufactureCountry />
      <ManufactureItemDescription />
      <UnitQty>י"ח</UnitQty>
      <Quantity>400</Quantity>
      <UnitMeasure>ל  גרם</UnitMeasure>
      <BisWeighted>0</BisWeighted>
      <QtyInPackage>1</QtyInPackage>
      <ItemPrice>14.90</ItemPrice>
      <UnitOfMeasurePrice>3.73</UnitOfMeasurePrice>
      <AllowDiscount>1</AllowDiscount>
      <itemStatus>1</itemStatus>
      <LastUpdateDate />
      <LastUpdateTime />
    </Product>
    <Product>
      <PriceUpdateDate>2019/12/08 10:11</PriceUpdateDate>
      <ItemCode>7290012228742</ItemCode>
      <ItemType>1</ItemType>
      <ItemName>נקניקיות מרגז 450גר`</ItemName>
      <ManufactureName>זוגלובק שיווק בעמ</ManufactureName>
      <ManufactureCountry />
      <ManufactureItemDescription />
      <UnitQty>י"ח</UnitQty>
      <Quantity>450</Quantity>
      <UnitMeasure>ל  גרם</UnitMeasure>
      <BisWeighted>0</BisWeighted>
      <QtyInPackage>1</QtyInPackage>
      <ItemPrice>29.90</ItemPrice>
      <UnitOfMeasurePrice>6.64</UnitOfMeasurePrice>
      <AllowDiscount>0</AllowDiscount>
      <itemStatus>1</itemStatus>
      <LastUpdateDate />
      <LastUpdateTime />
    </Product>
    <Product>
      <PriceUpdateDate>2019/10/10 12:38</PriceUpdateDate>
      <ItemCode>7290012245312</ItemCode>
      <ItemType>1</ItemType>
      <ItemName>גולד ציפס אמריקאי 1.5ק"ג</ItemName>
      <ManufactureName>קפוא זן תעשיות מזון בעמ</ManufactureName>
      <ManufactureCountry />
      <ManufactureItemDescription />
      <UnitQty>י"ח</UnitQty>
      <Quantity>1.50</Quantity>
      <UnitMeasure>ק"ג</UnitMeasure>
      <BisWeighted>0</BisWeighted>
      <QtyInPackage>1</QtyInPackage>
      <ItemPrice>19.90</ItemPrice>
      <UnitOfMeasurePrice>13.27</UnitOfMeasurePrice>
      <AllowDiscount>1</AllowDiscount>
      <itemStatus>1</itemStatus>
      <LastUpdateDate />
      <LastUpdateTime />
    </Product>
    <Product>
      <PriceUpdateDate>2019/10/10 12:38</PriceUpdateDate>
      <ItemCode>7290012245329</ItemCode>
      <ItemType>1</ItemType>
      <ItemName>גולד ציפס קלאסי 1.5ק"ג</ItemName>
      <ManufactureName>קפוא זן תעשיות מזון בעמ</ManufactureName>
      <ManufactureCountry />
      <ManufactureItemDescription />
      <UnitQty>י"ח</UnitQty>
      <Quantity>1.50</Quantity>
      <UnitMeasure>ק"ג</UnitMeasure>
      <BisWeighted>0</BisWeighted>
      <QtyInPackage>1</QtyInPackage>
      <ItemPrice>19.90</ItemPrice>
      <UnitOfMeasurePrice>13.27</UnitOfMeasurePrice>
      <AllowDiscount>1</AllowDiscount>
      <itemStatus>1</itemStatus>
      <LastUpdateDate />
      <LastUpdateTime />
    </Product>
    <Product>
      <PriceUpdateDate>2019/10/10 12:38</PriceUpdateDate>
      <ItemCode>7290012245336</ItemCode>
      <ItemType>1</ItemType>
      <ItemName>גולד סטייק ציפס  1.5ק"ג</ItemName>
      <ManufactureName>קפוא זן תעשיות מזון בעמ</ManufactureName>
      <ManufactureCountry />
      <ManufactureItemDescription />
      <UnitQty>י"ח</UnitQty>
      <Quantity>1.50</Quantity>
      <UnitMeasure>ק"ג</UnitMeasure>
      <BisWeighted>0</BisWeighted>
      <QtyInPackage>1</QtyInPackage>
      <ItemPrice>19.90</ItemPrice>
      <UnitOfMeasurePrice>13.27</UnitOfMeasurePrice>
      <AllowDiscount>1</AllowDiscount>
      <itemStatus>1</itemStatus>
      <LastUpdateDate />
      <LastUpdateTime />
    </Product>
    <Product>
      <PriceUpdateDate>2019/10/10 12:38</PriceUpdateDate>
      <ItemCode>7290012245343</ItemCode>
      <ItemType>1</ItemType>
      <ItemName>גולד ציפס זיג זג 1.5ק"ג</ItemName>
      <ManufactureName>קפוא זן תעשיות מזון בעמ</ManufactureName>
      <ManufactureCountry />
      <ManufactureItemDescription />
      <UnitQty>י"ח</UnitQty>
      <Quantity>1.50</Quantity>
      <UnitMeasure>ק"ג</UnitMeasure>
      <BisWeighted>0</BisWeighted>
      <QtyInPackage>1</QtyInPackage>
      <ItemPrice>19.90</ItemPrice>
      <UnitOfMeasurePrice>13.27</UnitOfMeasurePrice>
      <AllowDiscount>1</AllowDiscount>
      <itemStatus>1</itemStatus>
      <LastUpdateDate />
      <LastUpdateTime />
    </Product>
    <Product>
      <PriceUpdateDate>2020/02/06 10:27</PriceUpdateDate>
      <ItemCode>7290012263415</ItemCode>
      <ItemType>1</ItemType>
      <ItemName>אגד מתמתח 7 סמ 5 יח</ItemName>
      <ManufactureName>הו רפואה</ManufactureName>
      <ManufactureCountry />
      <ManufactureItemDescription />
      <UnitQty>י"ח</UnitQty>
      <Quantity>1</Quantity>
      <UnitMeasure />
      <BisWeighted>0</BisWeighted>
      <QtyInPackage>1</QtyInPackage>
      <ItemPrice>13.90</ItemPrice>
      <UnitOfMeasurePrice>13.90</UnitOfMeasurePrice>
      <AllowDiscount>0</AllowDiscount>
      <itemStatus>1</itemStatus>
      <LastUpdateDate />
      <LastUpdateTime />
    </Product>
    <Product>
      <PriceUpdateDate>2020/02/06 10:27</PriceUpdateDate>
      <ItemCode>7290012263729</ItemCode>
      <ItemType>1</ItemType>
      <ItemName>פלסטרים לילדים</ItemName>
      <ManufactureName>הו רפואה</ManufactureName>
      <ManufactureCountry />
      <ManufactureItemDescription />
      <UnitQty>י"ח</UnitQty>
      <Quantity>1</Quantity>
      <UnitMeasure />
      <BisWeighted>0</BisWeighted>
      <QtyInPackage>1</QtyInPackage>
      <ItemPrice>10.90</ItemPrice>
      <UnitOfMeasurePrice>10.90</UnitOfMeasurePrice>
      <AllowDiscount>0</AllowDiscount>
      <itemStatus>1</itemStatus>
      <LastUpdateDate />
      <LastUpdateTime />
    </Product>
    <Product>
      <PriceUpdateDate>2013/12/10 16:29</PriceUpdateDate>
      <ItemCode>7290012309496</ItemCode>
      <ItemType>1</ItemType>
      <ItemName>בוטן טבעי גרוס 100גר</ItemName>
      <ManufactureName>דין שיווק וקליהבעמ</ManufactureName>
      <ManufactureCountry />
      <ManufactureItemDescription />
      <UnitQty>י"ח</UnitQty>
      <Quantity>100</Quantity>
      <UnitMeasure>ל  גרם</UnitMeasure>
      <BisWeighted>0</BisWeighted>
      <QtyInPackage>1</QtyInPackage>
      <ItemPrice>6</ItemPrice>
      <UnitOfMeasurePrice>6</UnitOfMeasurePrice>
      <AllowDiscount>0</AllowDiscount>
      <itemStatus>1</itemStatus>
      <LastUpdateDate />
      <LastUpdateTime />
    </Product>
    <Product>
      <PriceUpdateDate>2015/05/26 19:51</PriceUpdateDate>
      <ItemCode>7290012309519</ItemCode>
      <ItemType>1</ItemType>
      <ItemName>אגוז מלך גרוס 100גר</ItemName>
      <ManufactureName>דין שיווק וקליהבעמ</ManufactureName>
      <ManufactureCountry />
      <ManufactureItemDescription />
      <UnitQty>י"ח</UnitQty>
      <Quantity>100</Quantity>
      <UnitMeasure>ל  גרם</UnitMeasure>
      <BisWeighted>0</BisWeighted>
      <QtyInPackage>1</QtyInPackage>
      <ItemPrice>10.50</ItemPrice>
      <UnitOfMeasurePrice>10.50</UnitOfMeasurePrice>
      <AllowDiscount>0</AllowDiscount>
      <itemStatus>1</itemStatus>
      <LastUpdateDate />
      <LastUpdateTime />
    </Product>
    <Product>
      <PriceUpdateDate>2015/05/26 19:51</PriceUpdateDate>
      <ItemCode>7290012309526</ItemCode>
      <ItemType>1</ItemType>
      <ItemName>גרעיני חמנייה קלופים 150ר</ItemName>
      <ManufactureName>דין שיווק וקליהבעמ</ManufactureName>
      <ManufactureCountry />
      <ManufactureItemDescription />
      <UnitQty>י"ח</UnitQty>
      <Quantity>150</Quantity>
      <UnitMeasure>ל  גרם</UnitMeasure>
      <BisWeighted>0</BisWeighted>
      <QtyInPackage>1</QtyInPackage>
      <ItemPrice>6.90</ItemPrice>
      <UnitOfMeasurePrice>4.60</UnitOfMeasurePrice>
      <AllowDiscount>0</AllowDiscount>
      <itemStatus>1</itemStatus>
      <LastUpdateDate />
      <LastUpdateTime />
    </Product>
    <Product>
      <PriceUpdateDate>2013/12/11 16:40</PriceUpdateDate>
      <ItemCode>7290012309670</ItemCode>
      <ItemType>1</ItemType>
      <ItemName>גרנולה פירות יבשים 500גר`</ItemName>
      <ManufactureName>דין שיווק וקליהבעמ</ManufactureName>
      <ManufactureCountry />
      <ManufactureItemDescription />
      <UnitQty>י"ח</UnitQty>
      <Quantity>500</Quantity>
      <UnitMeasure>ל  גרם</UnitMeasure>
      <BisWeighted>0</BisWeighted>
      <QtyInPackage>1</QtyInPackage>
      <ItemPrice>13.50</ItemPrice>
      <UnitOfMeasurePrice>2.70</UnitOfMeasurePrice>
      <AllowDiscount>0</AllowDiscount>
      <itemStatus>1</itemStatus>
      <LastUpdateDate />
      <LastUpdateTime />
    </Product>
    <Product>
      <PriceUpdateDate>2019/11/17 12:27</PriceUpdateDate>
      <ItemCode>7290012313264</ItemCode>
      <ItemType>1</ItemType>
      <ItemName>כרוב כבוש A2</ItemName>
      <ManufactureName>קבוצת יבנה מוצרי מזון בעמ</ManufactureName>
      <ManufactureCountry />
      <ManufactureItemDescription />
      <UnitQty>י"ח</UnitQty>
      <Quantity>1</Quantity>
      <UnitMeasure />
      <BisWeighted>0</BisWeighted>
      <QtyInPackage>1</QtyInPackage>
      <ItemPrice>7.90</ItemPrice>
      <UnitOfMeasurePrice>7.90</UnitOfMeasurePrice>
      <AllowDiscount>0</AllowDiscount>
      <itemStatus>1</itemStatus>
      <LastUpdateDate />
      <LastUpdateTime />
    </Product>
    <Product>
      <PriceUpdateDate>2017/07/03 10:13</PriceUpdateDate>
      <ItemCode>7290012313547</ItemCode>
      <ItemType>1</ItemType>
      <ItemName>זיתים שחורים קלמנטה</ItemName>
      <ManufactureName>קבוצת יבנה מוצרי מזון בעמ</ManufactureName>
      <ManufactureCountry />
      <ManufactureItemDescription />
      <UnitQty>י"ח</UnitQty>
      <Quantity>560</Quantity>
      <UnitMeasure>ל  גרם</UnitMeasure>
      <BisWeighted>0</BisWeighted>
      <QtyInPackage>1</QtyInPackage>
      <ItemPrice>9.90</ItemPrice>
      <UnitOfMeasurePrice>1.77</UnitOfMeasurePrice>
      <AllowDiscount>0</AllowDiscount>
      <itemStatus>1</itemStatus>
      <LastUpdateDate />
      <LastUpdateTime />
    </Product>
    <Product>
      <PriceUpdateDate>2019/02/28 10:59</PriceUpdateDate>
      <ItemCode>7290012325472</ItemCode>
      <ItemType>1</ItemType>
      <ItemName>מפיץ ריח 90מ"ל סחלבים</ItemName>
      <ManufactureName>מזרח הודו סחר בעמ</ManufactureName>
      <ManufactureCountry />
      <ManufactureItemDescription />
      <UnitQty>י"ח</UnitQty>
      <Quantity>1</Quantity>
      <UnitMeasure />
      <BisWeighted>0</BisWeighted>
      <QtyInPackage>1</QtyInPackage>
      <ItemPrice>9.90</ItemPrice>
      <UnitOfMeasurePrice>9.90</UnitOfMeasurePrice>
      <AllowDiscount>0</AllowDiscount>
      <itemStatus>1</itemStatus>
      <LastUpdateDate />
      <LastUpdateTime />
    </Product>
    <Product>
      <PriceUpdateDate>2016/03/29 11:25</PriceUpdateDate>
      <ItemCode>7290012367717</ItemCode>
      <ItemType>1</ItemType>
      <ItemName>קרם ידיים ד"ר פישר אפקטיב קר 150מ"ל</ItemName>
      <ManufactureName>פישר תעשיות פרמבצטיות בעמ</ManufactureName>
      <ManufactureCountry />
      <ManufactureItemDescription />
      <UnitQty>י"ח</UnitQty>
      <Quantity>12</Quantity>
      <UnitMeasure>ליטר</UnitMeasure>
      <BisWeighted>0</BisWeighted>
      <QtyInPackage>1</QtyInPackage>
      <ItemPrice>16.90</ItemPrice>
      <UnitOfMeasurePrice>1.41</UnitOfMeasurePrice>
      <AllowDiscount>1</AllowDiscount>
      <itemStatus>1</itemStatus>
      <LastUpdateDate />
      <LastUpdateTime />
    </Product>
    <Product>
      <PriceUpdateDate>2018/10/30 11:03</PriceUpdateDate>
      <ItemCode>7290012404146</ItemCode>
      <ItemType>1</ItemType>
      <ItemName>שוופס מוגז פירות תפוחים 1.5 ליטר</ItemName>
      <ManufactureName>יפאורה שותפות מוגבלת לשיווק</ManufactureName>
      <ManufactureCountry />
      <ManufactureItemDescription />
      <UnitQty>י"ח</UnitQty>
      <Quantity>1.50</Quantity>
      <UnitMeasure>ליטר</UnitMeasure>
      <BisWeighted>0</BisWeighted>
      <QtyInPackage>1</QtyInPackage>
      <ItemPrice>6.70</ItemPrice>
      <UnitOfMeasurePrice>4.47</UnitOfMeasurePrice>
      <AllowDiscount>1</AllowDiscount>
      <itemStatus>1</itemStatus>
      <LastUpdateDate />
      <LastUpdateTime />
    </Product>
    <Product>
      <PriceUpdateDate>2019/01/28 13:23</PriceUpdateDate>
      <ItemCode>7290012404238</ItemCode>
      <ItemType>1</ItemType>
      <ItemName>שוופס  RUSSCHIAN</ItemName>
      <ManufactureName>יפאורה שותפות מוגבלת לשיווק</ManufactureName>
      <ManufactureCountry />
      <ManufactureItemDescription />
      <UnitQty>י"ח</UnitQty>
      <Quantity>1</Quantity>
      <UnitMeasure />
      <BisWeighted>0</BisWeighted>
      <QtyInPackage>1</QtyInPackage>
      <ItemPrice>10.30</ItemPrice>
      <UnitOfMeasurePrice>10.30</UnitOfMeasurePrice>
      <AllowDiscount>1</AllowDiscount>
      <itemStatus>1</itemStatus>
      <LastUpdateDate />
      <LastUpdateTime />
    </Product>
    <Product>
      <PriceUpdateDate>2019/01/27 13:10</PriceUpdateDate>
      <ItemCode>7290012404283</ItemCode>
      <ItemType>1</ItemType>
      <ItemName>תפוזינה 1.5  מנגו עסיסי</ItemName>
      <ManufactureName>יפאורה שותפות מוגבלת לשיווק</ManufactureName>
      <ManufactureCountry />
      <ManufactureItemDescription />
      <UnitQty>י"ח</UnitQty>
      <Quantity>1.50</Quantity>
      <UnitMeasure>ליטר</UnitMeasure>
      <BisWeighted>0</BisWeighted>
      <QtyInPackage>1</QtyInPackage>
      <ItemPrice>5.90</ItemPrice>
      <UnitOfMeasurePrice>3.93</UnitOfMeasurePrice>
      <AllowDiscount>1</AllowDiscount>
      <itemStatus>1</itemStatus>
      <LastUpdateDate />
      <LastUpdateTime />
    </Product>
    <Product>
      <PriceUpdateDate>2018/11/08 17:47</PriceUpdateDate>
      <ItemCode>7290012404320</ItemCode>
      <ItemType>1</ItemType>
      <ItemName>ספרינג 1.5  ל`ענבים</ItemName>
      <ManufactureName>יפאורה שותפות מוגבלת לשיווק</ManufactureName>
      <ManufactureCountry />
      <ManufactureItemDescription />
      <UnitQty>י"ח</UnitQty>
      <Quantity>1.50</Quantity>
      <UnitMeasure>ליטר</UnitMeasure>
      <BisWeighted>0</BisWeighted>
      <QtyInPackage>1</QtyInPackage>
      <ItemPrice>6.20</ItemPrice>
      <UnitOfMeasurePrice>4.13</UnitOfMeasurePrice>
      <AllowDiscount>1</AllowDiscount>
      <itemStatus>1</itemStatus>
      <LastUpdateDate />
      <LastUpdateTime />
    </Product>
    <Product>
      <PriceUpdateDate>2018/11/12 16:59</PriceUpdateDate>
      <ItemCode>7290012404863</ItemCode>
      <ItemType>1</ItemType>
      <ItemName>ספרינג "-Tטעם    נולד "1.5ל</ItemName>
      <ManufactureName>יפאורה שותפות מוגבלת לשיווק</ManufactureName>
      <ManufactureCountry />
      <ManufactureItemDescription />
      <UnitQty>י"ח</UnitQty>
      <Quantity>1.50</Quantity>
      <UnitMeasure>ליטר</UnitMeasure>
      <BisWeighted>0</BisWeighted>
      <QtyInPackage>1</QtyInPackage>
      <ItemPrice>6.30</ItemPrice>
      <UnitOfMeasurePrice>4.20</UnitOfMeasurePrice>
      <AllowDiscount>1</AllowDiscount>
      <itemStatus>1</itemStatus>
      <LastUpdateDate />
      <LastUpdateTime />
    </Product>
    <Product>
      <PriceUpdateDate>2019/07/15 10:07</PriceUpdateDate>
      <ItemCode>7290012404962</ItemCode>
      <ItemType>1</ItemType>
      <ItemName>ספרינג נקטר פירות יער 1.25</ItemName>
      <ManufactureName>יפאורה שותפות מוגבלת לשיווק</ManufactureName>
      <ManufactureCountry />
      <ManufactureItemDescription />
      <UnitQty>י"ח</UnitQty>
      <Quantity>1.25</Quantity>
      <UnitMeasure>ליטר</UnitMeasure>
      <BisWeighted>0</BisWeighted>
      <QtyInPackage>1</QtyInPackage>
      <ItemPrice>11.20</ItemPrice>
      <UnitOfMeasurePrice>8.72</UnitOfMeasurePrice>
      <AllowDiscount>1</AllowDiscount>
      <itemStatus>1</itemStatus>
      <LastUpdateDate />
      <LastUpdateTime />
    </Product>
    <Product>
      <PriceUpdateDate>2015/12/29 13:20</PriceUpdateDate>
      <ItemCode>7290012454202</ItemCode>
      <ItemType>1</ItemType>
      <ItemName>סוכריות ללא סוכר טעם ריבת חלב</ItemName>
      <ManufactureName>מיה תעשיות מזון מ.ת.מ בעמ</ManufactureName>
      <ManufactureCountry />
      <ManufactureItemDescription />
      <UnitQty>י"ח</UnitQty>
      <Quantity>1</Quantity>
      <UnitMeasure />
      <BisWeighted>0</BisWeighted>
      <QtyInPackage>1</QtyInPackage>
      <ItemPrice>6.50</ItemPrice>
      <UnitOfMeasurePrice>6.50</UnitOfMeasurePrice>
      <AllowDiscount>0</AllowDiscount>
      <itemStatus>1</itemStatus>
      <LastUpdateDate />
      <LastUpdateTime />
    </Product>
    <Product>
      <PriceUpdateDate>2013/06/04 16:51</PriceUpdateDate>
      <ItemCode>7290012483899</ItemCode>
      <ItemType>1</ItemType>
      <ItemName>קצפת מתוקה מוכנה צמחים(פרווה)ספריי</ItemName>
      <ManufactureName>ג.וילי פוד אינטרנשיונל בעמ</ManufactureName>
      <ManufactureCountry />
      <ManufactureItemDescription />
      <UnitQty>י"ח</UnitQty>
      <Quantity>1</Quantity>
      <UnitMeasure />
      <BisWeighted>0</BisWeighted>
      <QtyInPackage>1</QtyInPackage>
      <ItemPrice>12.20</ItemPrice>
      <UnitOfMeasurePrice>12.20</UnitOfMeasurePrice>
      <AllowDiscount>0</AllowDiscount>
      <itemStatus>1</itemStatus>
      <LastUpdateDate />
      <LastUpdateTime />
    </Product>
    <Product>
      <PriceUpdateDate>2016/09/04 17:30</PriceUpdateDate>
      <ItemCode>7290012561405</ItemCode>
      <ItemType>1</ItemType>
      <ItemName>בצל חצי מטוגן</ItemName>
      <ManufactureName>קבוצת אוסם סחר-שות.מוגבלת</ManufactureName>
      <ManufactureCountry />
      <ManufactureItemDescription />
      <UnitQty>י"ח</UnitQty>
      <Quantity>180</Quantity>
      <UnitMeasure>ל  גרם</UnitMeasure>
      <BisWeighted>0</BisWeighted>
      <QtyInPackage>1</QtyInPackage>
      <ItemPrice>10.90</ItemPrice>
      <UnitOfMeasurePrice>6.06</UnitOfMeasurePrice>
      <AllowDiscount>0</AllowDiscount>
      <itemStatus>1</itemStatus>
      <LastUpdateDate />
      <LastUpdateTime />
    </Product>
    <Product>
      <PriceUpdateDate>2015/06/29 12:29</PriceUpdateDate>
      <ItemCode>7290012645303</ItemCode>
      <ItemType>1</ItemType>
      <ItemName>יוגורט  עיזים עם תות 150מ"ל</ItemName>
      <ManufactureName>שטראוס גרופ ***בעמ</ManufactureName>
      <ManufactureCountry />
      <ManufactureItemDescription />
      <UnitQty>י"ח</UnitQty>
      <Quantity>150</Quantity>
      <UnitMeasure>ל  מ"ל</UnitMeasure>
      <BisWeighted>0</BisWeighted>
      <QtyInPackage>1</QtyInPackage>
      <ItemPrice>5.90</ItemPrice>
      <UnitOfMeasurePrice>3.93</UnitOfMeasurePrice>
      <AllowDiscount>1</AllowDiscount>
      <itemStatus>1</itemStatus>
      <LastUpdateDate />
      <LastUpdateTime />
    </Product>
    <Product>
      <PriceUpdateDate>2020/04/27 08:18</PriceUpdateDate>
      <ItemCode>7290012665592</ItemCode>
      <ItemType>1</ItemType>
      <ItemName>קיש בטטה מוכן כשל"פ</ItemName>
      <ManufactureName>חמים וטעים בעמ</ManufactureName>
      <ManufactureCountry />
      <ManufactureItemDescription />
      <UnitQty>י"ח</UnitQty>
      <Quantity>1</Quantity>
      <UnitMeasure />
      <BisWeighted>0</BisWeighted>
      <QtyInPackage>1</QtyInPackage>
      <ItemPrice>54.90</ItemPrice>
      <UnitOfMeasurePrice>54.90</UnitOfMeasurePrice>
      <AllowDiscount>0</AllowDiscount>
      <itemStatus>1</itemStatus>
      <LastUpdateDate />
      <LastUpdateTime />
    </Product>
    <Product>
      <PriceUpdateDate>2020/04/27 08:18</PriceUpdateDate>
      <ItemCode>7290012665752</ItemCode>
      <ItemType>1</ItemType>
      <ItemName>קציצות סלק  טבעוני כשל"פ</ItemName>
      <ManufactureName>חמים וטעים בעמ</ManufactureName>
      <ManufactureCountry />
      <ManufactureItemDescription />
      <UnitQty>י"ח</UnitQty>
      <Quantity>1</Quantity>
      <UnitMeasure />
      <BisWeighted>0</BisWeighted>
      <QtyInPackage>1</QtyInPackage>
      <ItemPrice>54.90</ItemPrice>
      <UnitOfMeasurePrice>54.90</UnitOfMeasurePrice>
      <AllowDiscount>0</AllowDiscount>
      <itemStatus>1</itemStatus>
      <LastUpdateDate />
      <LastUpdateTime />
    </Product>
    <Product>
      <PriceUpdateDate>2018/12/10 08:33</PriceUpdateDate>
      <ItemCode>7290012696787</ItemCode>
      <ItemType>1</ItemType>
      <ItemName>שקיות אשפה +50*70שרוך 60 יח</ItemName>
      <ManufactureName>דין שיווק *****</ManufactureName>
      <ManufactureCountry />
      <ManufactureItemDescription />
      <UnitQty>י"ח</UnitQty>
      <Quantity>60</Quantity>
      <UnitMeasure>י"ח</UnitMeasure>
      <BisWeighted>0</BisWeighted>
      <QtyInPackage>1</QtyInPackage>
      <ItemPrice>16.90</ItemPrice>
      <UnitOfMeasurePrice>0.28</UnitOfMeasurePrice>
      <AllowDiscount>1</AllowDiscount>
      <itemStatus>1</itemStatus>
      <LastUpdateDate />
      <LastUpdateTime />
    </Product>
    <Product>
      <PriceUpdateDate>2013/12/11 11:14</PriceUpdateDate>
      <ItemCode>7290012696794</ItemCode>
      <ItemType>1</ItemType>
      <ItemName>שקיות אשפה  +75*90שרוך 10 יח</ItemName>
      <ManufactureName>דין שיווק *****</ManufactureName>
      <ManufactureCountry />
      <ManufactureItemDescription />
      <UnitQty>י"ח</UnitQty>
      <Quantity>10</Quantity>
      <UnitMeasure>י"ח</UnitMeasure>
      <BisWeighted>0</BisWeighted>
      <QtyInPackage>1</QtyInPackage>
      <ItemPrice>8</ItemPrice>
      <UnitOfMeasurePrice>0.80</UnitOfMeasurePrice>
      <AllowDiscount>0</AllowDiscount>
      <itemStatus>1</itemStatus>
      <LastUpdateDate />
      <LastUpdateTime />
    </Product>
    <Product>
      <PriceUpdateDate>2015/12/17 11:34</PriceUpdateDate>
      <ItemCode>7290012696824</ItemCode>
      <ItemType>1</ItemType>
      <ItemName>שקיות אוכל המותג בקופסא 150יח זוג</ItemName>
      <ManufactureName>דין שיווק *****</ManufactureName>
      <ManufactureCountry />
      <ManufactureItemDescription />
      <UnitQty>י"ח</UnitQty>
      <Quantity>150</Quantity>
      <UnitMeasure>י"ח</UnitMeasure>
      <BisWeighted>0</BisWeighted>
      <QtyInPackage>1</QtyInPackage>
      <ItemPrice>10.90</ItemPrice>
      <UnitOfMeasurePrice>0.07</UnitOfMeasurePrice>
      <AllowDiscount>0</AllowDiscount>
      <itemStatus>1</itemStatus>
      <LastUpdateDate />
      <LastUpdateTime />
    </Product>
    <Product>
      <PriceUpdateDate>2013/12/11 11:26</PriceUpdateDate>
      <ItemCode>7290012696831</ItemCode>
      <ItemType>1</ItemType>
      <ItemName>שקיות אוכל בגליל 200 יח</ItemName>
      <ManufactureName>דין שיווק *****</ManufactureName>
      <ManufactureCountry />
      <ManufactureItemDescription />
      <UnitQty>י"ח</UnitQty>
      <Quantity>200</Quantity>
      <UnitMeasure>י"ח</UnitMeasure>
      <BisWeighted>0</BisWeighted>
      <QtyInPackage>1</QtyInPackage>
      <ItemPrice>8</ItemPrice>
      <UnitOfMeasurePrice>0.04</UnitOfMeasurePrice>
      <AllowDiscount>1</AllowDiscount>
      <itemStatus>1</itemStatus>
      <LastUpdateDate />
      <LastUpdateTime />
    </Product>
    <Product>
      <PriceUpdateDate>2016/02/05 09:16</PriceUpdateDate>
      <ItemCode>7290012697081</ItemCode>
      <ItemType>1</ItemType>
      <ItemName>סוכרזית מהטבע סטיוויה 100שקיות 100גרם</ItemName>
      <ManufactureName>שטראוס גרופ בעמ</ManufactureName>
      <ManufactureCountry />
      <ManufactureItemDescription />
      <UnitQty>י"ח</UnitQty>
      <Quantity>100</Quantity>
      <UnitMeasure>ל  גרם</UnitMeasure>
      <BisWeighted>0</BisWeighted>
      <QtyInPackage>1</QtyInPackage>
      <ItemPrice>29.90</ItemPrice>
      <UnitOfMeasurePrice>29.90</UnitOfMeasurePrice>
      <AllowDiscount>1</AllowDiscount>
      <itemStatus>1</itemStatus>
      <LastUpdateDate />
      <LastUpdateTime />
    </Product>
    <Product>
      <PriceUpdateDate>2013/06/04 15:30</PriceUpdateDate>
      <ItemCode>7290012803215</ItemCode>
      <ItemType>1</ItemType>
      <ItemName>וופל בלגי טעם שוקולד 200גרם</ItemName>
      <ManufactureName>דנשר (1963) בעמ</ManufactureName>
      <ManufactureCountry />
      <ManufactureItemDescription />
      <UnitQty>י"ח</UnitQty>
      <Quantity>200</Quantity>
      <UnitMeasure>ל  גרם</UnitMeasure>
      <BisWeighted>0</BisWeighted>
      <QtyInPackage>1</QtyInPackage>
      <ItemPrice>10.50</ItemPrice>
      <UnitOfMeasurePrice>5.25</UnitOfMeasurePrice>
      <AllowDiscount>0</AllowDiscount>
      <itemStatus>1</itemStatus>
      <LastUpdateDate />
      <LastUpdateTime />
    </Product>
    <Product>
      <PriceUpdateDate>2013/06/04 15:30</PriceUpdateDate>
      <ItemCode>7290012803222</ItemCode>
      <ItemType>1</ItemType>
      <ItemName>וופל בלגי טעם לימון 200גרם</ItemName>
      <ManufactureName>דנשר (1963) בעמ</ManufactureName>
      <ManufactureCountry />
      <ManufactureItemDescription />
      <UnitQty>י"ח</UnitQty>
      <Quantity>200</Quantity>
      <UnitMeasure>ל  גרם</UnitMeasure>
      <BisWeighted>0</BisWeighted>
      <QtyInPackage>1</QtyInPackage>
      <ItemPrice>10.50</ItemPrice>
      <UnitOfMeasurePrice>5.25</UnitOfMeasurePrice>
      <AllowDiscount>0</AllowDiscount>
      <itemStatus>1</itemStatus>
      <LastUpdateDate />
      <LastUpdateTime />
    </Product>
    <Product>
      <PriceUpdateDate>2013/06/04 15:30</PriceUpdateDate>
      <ItemCode>7290012803772</ItemCode>
      <ItemType>1</ItemType>
      <ItemName>טבלאות שוקולד טוסו  מר`שוקולד חלב 100ג</ItemName>
      <ManufactureName>דנשר (1963) בעמ</ManufactureName>
      <ManufactureCountry />
      <ManufactureItemDescription />
      <UnitQty>י"ח</UnitQty>
      <Quantity>100</Quantity>
      <UnitMeasure>ל  גרם</UnitMeasure>
      <BisWeighted>0</BisWeighted>
      <QtyInPackage>1</QtyInPackage>
      <ItemPrice>12.20</ItemPrice>
      <UnitOfMeasurePrice>12.20</UnitOfMeasurePrice>
      <AllowDiscount>0</AllowDiscount>
      <itemStatus>1</itemStatus>
      <LastUpdateDate />
      <LastUpdateTime />
    </Product>
    <Product>
      <PriceUpdateDate>2013/06/04 15:30</PriceUpdateDate>
      <ItemCode>7290012803796</ItemCode>
      <ItemType>1</ItemType>
      <ItemName>טבלאות שוקולד טוסו  מר`שוקולד אגוז 100</ItemName>
      <ManufactureName>דנשר (1963) בעמ</ManufactureName>
      <ManufactureCountry />
      <ManufactureItemDescription />
      <UnitQty>י"ח</UnitQty>
      <Quantity>100</Quantity>
      <UnitMeasure>ל  גרם</UnitMeasure>
      <BisWeighted>0</BisWeighted>
      <QtyInPackage>1</QtyInPackage>
      <ItemPrice>12.20</ItemPrice>
      <UnitOfMeasurePrice>12.20</UnitOfMeasurePrice>
      <AllowDiscount>0</AllowDiscount>
      <itemStatus>1</itemStatus>
      <LastUpdateDate />
      <LastUpdateTime />
    </Product>
    <Product>
      <PriceUpdateDate>2018/11/08 17:58</PriceUpdateDate>
      <ItemCode>7290012823251</ItemCode>
      <ItemType>1</ItemType>
      <ItemName>אל סבון כיף 1 ליטר יסמין</ItemName>
      <ManufactureName>החב הדרומית לשיווק</ManufactureName>
      <ManufactureCountry />
      <ManufactureItemDescription />
      <UnitQty>י"ח</UnitQty>
      <Quantity>1</Quantity>
      <UnitMeasure>ליטר</UnitMeasure>
      <BisWeighted>0</BisWeighted>
      <QtyInPackage>1</QtyInPackage>
      <ItemPrice>10.90</ItemPrice>
      <UnitOfMeasurePrice>10.90</UnitOfMeasurePrice>
      <AllowDiscount>1</AllowDiscount>
      <itemStatus>1</itemStatus>
      <LastUpdateDate />
      <LastUpdateTime />
    </Product>
    <Product>
      <PriceUpdateDate>2019/12/04 14:54</PriceUpdateDate>
      <ItemCode>7290012823381</ItemCode>
      <ItemType>1</ItemType>
      <ItemName>מרכך כביסה מקסימה 1 ליטר מרוכז</ItemName>
      <ManufactureName>החב הדרומית לשיווק</ManufactureName>
      <ManufactureCountry />
      <ManufactureItemDescription />
      <UnitQty>י"ח</UnitQty>
      <Quantity>1</Quantity>
      <UnitMeasure>ליטר</UnitMeasure>
      <BisWeighted>0</BisWeighted>
      <QtyInPackage>1</QtyInPackage>
      <ItemPrice>15.90</ItemPrice>
      <UnitOfMeasurePrice>15.90</UnitOfMeasurePrice>
      <AllowDiscount>1</AllowDiscount>
      <itemStatus>1</itemStatus>
      <LastUpdateDate />
      <LastUpdateTime />
    </Product>
    <Product>
      <PriceUpdateDate>2019/12/04 14:54</PriceUpdateDate>
      <ItemCode>7290012823398</ItemCode>
      <ItemType>1</ItemType>
      <ItemName>מטליות לחות לריצפה ריצפז 10 יחידות</ItemName>
      <ManufactureName>החב הדרומית לשיווק</ManufactureName>
      <ManufactureCountry />
      <ManufactureItemDescription />
      <UnitQty>י"ח</UnitQty>
      <Quantity>1</Quantity>
      <UnitMeasure />
      <BisWeighted>0</BisWeighted>
      <QtyInPackage>1</QtyInPackage>
      <ItemPrice>10.90</ItemPrice>
      <UnitOfMeasurePrice>10.90</UnitOfMeasurePrice>
      <AllowDiscount>0</AllowDiscount>
      <itemStatus>1</itemStatus>
      <LastUpdateDate />
      <LastUpdateTime />
    </Product>
    <Product>
      <PriceUpdateDate>2019/12/04 14:54</PriceUpdateDate>
      <ItemCode>7290012823602</ItemCode>
      <ItemType>1</ItemType>
      <ItemName>נייר טואלט סופט לבן 32 גלילים</ItemName>
      <ManufactureName>החב הדרומית לשיווק</ManufactureName>
      <ManufactureCountry />
      <ManufactureItemDescription />
      <UnitQty>י"ח</UnitQty>
      <Quantity>32</Quantity>
      <UnitMeasure>י"ח</UnitMeasure>
      <BisWeighted>0</BisWeighted>
      <QtyInPackage>1</QtyInPackage>
      <ItemPrice>29.90</ItemPrice>
      <UnitOfMeasurePrice>0.93</UnitOfMeasurePrice>
      <AllowDiscount>0</AllowDiscount>
      <itemStatus>1</itemStatus>
      <LastUpdateDate />
      <LastUpdateTime />
    </Product>
    <Product>
      <PriceUpdateDate>2014/04/03 14:09</PriceUpdateDate>
      <ItemCode>7290012850011</ItemCode>
      <ItemType>1</ItemType>
      <ItemName>מחית תפוח עץ  190ג</ItemName>
      <ManufactureName>שקד תבל בעמ</ManufactureName>
      <ManufactureCountry />
      <ManufactureItemDescription />
      <UnitQty>י"ח</UnitQty>
      <Quantity>190</Quantity>
      <UnitMeasure>ל  מ"ל</UnitMeasure>
      <BisWeighted>0</BisWeighted>
      <QtyInPackage>1</QtyInPackage>
      <ItemPrice>5.90</ItemPrice>
      <UnitOfMeasurePrice>3.11</UnitOfMeasurePrice>
      <AllowDiscount>1</AllowDiscount>
      <itemStatus>1</itemStatus>
      <LastUpdateDate />
      <LastUpdateTime />
    </Product>
    <Product>
      <PriceUpdateDate>2017/10/08 07:32</PriceUpdateDate>
      <ItemCode>7290012931086</ItemCode>
      <ItemType>1</ItemType>
      <ItemName>מטאטא סינטטי 2 צבעים עם מקל</ItemName>
      <ManufactureName>*** מ.א.ייצור ויבוא מטליות</ManufactureName>
      <ManufactureCountry />
      <ManufactureItemDescription />
      <UnitQty>י"ח</UnitQty>
      <Quantity>1</Quantity>
      <UnitMeasure>י"ח</UnitMeasure>
      <BisWeighted>0</BisWeighted>
      <QtyInPackage>1</QtyInPackage>
      <ItemPrice>15.90</ItemPrice>
      <UnitOfMeasurePrice>15.90</UnitOfMeasurePrice>
      <AllowDiscount>0</AllowDiscount>
      <itemStatus>1</itemStatus>
      <LastUpdateDate />
      <LastUpdateTime />
    </Product>
    <Product>
      <PriceUpdateDate>2019/11/25 08:26</PriceUpdateDate>
      <ItemCode>7290012931116</ItemCode>
      <ItemType>1</ItemType>
      <ItemName>מגב מיוחד איכותי חד להב עם מקל</ItemName>
      <ManufactureName>*** מ.א.ייצור ויבוא מטליות</ManufactureName>
      <ManufactureCountry />
      <ManufactureItemDescription />
      <UnitQty>י"ח</UnitQty>
      <Quantity>1</Quantity>
      <UnitMeasure />
      <BisWeighted>0</BisWeighted>
      <QtyInPackage>1</QtyInPackage>
      <ItemPrice>19.90</ItemPrice>
      <UnitOfMeasurePrice>19.90</UnitOfMeasurePrice>
      <AllowDiscount>0</AllowDiscount>
      <itemStatus>1</itemStatus>
      <LastUpdateDate />
      <LastUpdateTime />
    </Product>
    <Product>
      <PriceUpdateDate>2019/08/13 14:33</PriceUpdateDate>
      <ItemCode>7290012931154</ItemCode>
      <ItemType>1</ItemType>
      <ItemName>כריות יפניות לניקוי 9 יח</ItemName>
      <ManufactureName>מ.א.ייצור ויבואהמותג</ManufactureName>
      <ManufactureCountry />
      <ManufactureItemDescription />
      <UnitQty>י"ח</UnitQty>
      <Quantity>900</Quantity>
      <UnitMeasure>ל  גרם</UnitMeasure>
      <BisWeighted>0</BisWeighted>
      <QtyInPackage>1</QtyInPackage>
      <ItemPrice>9.90</ItemPrice>
      <UnitOfMeasurePrice>1.10</UnitOfMeasurePrice>
      <AllowDiscount>1</AllowDiscount>
      <itemStatus>1</itemStatus>
      <LastUpdateDate />
      <LastUpdateTime />
    </Product>
    <Product>
      <PriceUpdateDate>2019/08/13 14:33</PriceUpdateDate>
      <ItemCode>7290012931161</ItemCode>
      <ItemType>1</ItemType>
      <ItemName>סרטי קרצוף באריזת קרטון 10 יח</ItemName>
      <ManufactureName>מ.א.ייצור ויבואהמותג</ManufactureName>
      <ManufactureCountry />
      <ManufactureItemDescription />
      <UnitQty>י"ח</UnitQty>
      <Quantity>10</Quantity>
      <UnitMeasure>י"ח</UnitMeasure>
      <BisWeighted>0</BisWeighted>
      <QtyInPackage>1</QtyInPackage>
      <ItemPrice>6.90</ItemPrice>
      <UnitOfMeasurePrice>0.69</UnitOfMeasurePrice>
      <AllowDiscount>0</AllowDiscount>
      <itemStatus>1</itemStatus>
      <LastUpdateDate />
      <LastUpdateTime />
    </Product>
    <Product>
      <PriceUpdateDate>2019/08/13 14:33</PriceUpdateDate>
      <ItemCode>7290012931178</ItemCode>
      <ItemType>1</ItemType>
      <ItemName>ספוגיות ניקוי רב שימושיות 4 יח</ItemName>
      <ManufactureName>מ.א.ייצור ויבואהמותג</ManufactureName>
      <ManufactureCountry />
      <ManufactureItemDescription />
      <UnitQty>י"ח</UnitQty>
      <Quantity>4</Quantity>
      <UnitMeasure>י"ח</UnitMeasure>
      <BisWeighted>0</BisWeighted>
      <QtyInPackage>1</QtyInPackage>
      <ItemPrice>8.90</ItemPrice>
      <UnitOfMeasurePrice>2.23</UnitOfMeasurePrice>
      <AllowDiscount>0</AllowDiscount>
      <itemStatus>1</itemStatus>
      <LastUpdateDate />
      <LastUpdateTime />
    </Product>
    <Product>
      <PriceUpdateDate>2017/08/03 10:17</PriceUpdateDate>
      <ItemCode>7290012931338</ItemCode>
      <ItemType>1</ItemType>
      <ItemName>מארז 3 מטליות מיקרופייבר לניקוי רצפות</ItemName>
      <ManufactureName>מ.א.ייצור ויבואהמותג</ManufactureName>
      <ManufactureCountry />
      <ManufactureItemDescription />
      <UnitQty>י"ח</UnitQty>
      <Quantity>5</Quantity>
      <UnitMeasure>י"ח</UnitMeasure>
      <BisWeighted>0</BisWeighted>
      <QtyInPackage>1</QtyInPackage>
      <ItemPrice>16.90</ItemPrice>
      <UnitOfMeasurePrice>3.38</UnitOfMeasurePrice>
      <AllowDiscount>1</AllowDiscount>
      <itemStatus>1</itemStatus>
      <LastUpdateDate />
      <LastUpdateTime />
    </Product>
    <Product>
      <PriceUpdateDate>2019/08/13 14:33</PriceUpdateDate>
      <ItemCode>7290012931758</ItemCode>
      <ItemType>1</ItemType>
      <ItemName>ספוג הפלא 6יח`</ItemName>
      <ManufactureName>מ.א.ייצור ויבואהמותג</ManufactureName>
      <ManufactureCountry />
      <ManufactureItemDescription />
      <UnitQty>י"ח</UnitQty>
      <Quantity>1</Quantity>
      <UnitMeasure />
      <BisWeighted>0</BisWeighted>
      <QtyInPackage>1</QtyInPackage>
      <ItemPrice>4.90</ItemPrice>
      <UnitOfMeasurePrice>4.90</UnitOfMeasurePrice>
      <AllowDiscount>0</AllowDiscount>
      <itemStatus>1</itemStatus>
      <LastUpdateDate />
      <LastUpdateTime />
    </Product>
    <Product>
      <PriceUpdateDate>2016/01/04 19:38</PriceUpdateDate>
      <ItemCode>7290012931840</ItemCode>
      <ItemType>1</ItemType>
      <ItemName>מטליות רב שמושות איכות משופרת 9יח</ItemName>
      <ManufactureName>מ.א.ייצור ויבואהמותג</ManufactureName>
      <ManufactureCountry />
      <ManufactureItemDescription />
      <UnitQty>י"ח</UnitQty>
      <Quantity>9</Quantity>
      <UnitMeasure>י"ח</UnitMeasure>
      <BisWeighted>0</BisWeighted>
      <QtyInPackage>1</QtyInPackage>
      <ItemPrice>7.90</ItemPrice>
      <UnitOfMeasurePrice>0.88</UnitOfMeasurePrice>
      <AllowDiscount>1</AllowDiscount>
      <itemStatus>1</itemStatus>
      <LastUpdateDate />
      <LastUpdateTime />
    </Product>
    <Product>
      <PriceUpdateDate>2017/08/03 10:18</PriceUpdateDate>
      <ItemCode>7290012931888</ItemCode>
      <ItemType>1</ItemType>
      <ItemName>מצע לייבוש כלים+מטלית מיקרופייבר</ItemName>
      <ManufactureName>מ.א.ייצור ויבואהמותג</ManufactureName>
      <ManufactureCountry />
      <ManufactureItemDescription />
      <UnitQty>י"ח</UnitQty>
      <Quantity>1</Quantity>
      <UnitMeasure />
      <BisWeighted>0</BisWeighted>
      <QtyInPackage>1</QtyInPackage>
      <ItemPrice>8.90</ItemPrice>
      <UnitOfMeasurePrice>8.90</UnitOfMeasurePrice>
      <AllowDiscount>0</AllowDiscount>
      <itemStatus>1</itemStatus>
      <LastUpdateDate />
      <LastUpdateTime />
    </Product>
    <Product>
      <PriceUpdateDate>2013/12/27 11:50</PriceUpdateDate>
      <ItemCode>7290012936838</ItemCode>
      <ItemType>1</ItemType>
      <ItemName>הל טחון35גרם</ItemName>
      <ManufactureName>א.ל.יצור ושיווקתבלינים בעמ</ManufactureName>
      <ManufactureCountry />
      <ManufactureItemDescription />
      <UnitQty>י"ח</UnitQty>
      <Quantity>35</Quantity>
      <UnitMeasure>ל  גרם</UnitMeasure>
      <BisWeighted>0</BisWeighted>
      <QtyInPackage>1</QtyInPackage>
      <ItemPrice>16.60</ItemPrice>
      <UnitOfMeasurePrice>47.43</UnitOfMeasurePrice>
      <AllowDiscount>0</AllowDiscount>
      <itemStatus>1</itemStatus>
      <LastUpdateDate />
      <LastUpdateTime />
    </Product>
    <Product>
      <PriceUpdateDate>2014/01/17 09:06</PriceUpdateDate>
      <ItemCode>7290012936913</ItemCode>
      <ItemType>1</ItemType>
      <ItemName>סומק 45גר.</ItemName>
      <ManufactureName>א.ל.יצור ושיווקתבלינים בעמ</ManufactureName>
      <ManufactureCountry />
      <ManufactureItemDescription />
      <UnitQty>י"ח</UnitQty>
      <Quantity>45</Quantity>
      <UnitMeasure>ל  גרם</UnitMeasure>
      <BisWeighted>0</BisWeighted>
      <QtyInPackage>1</QtyInPackage>
      <ItemPrice>10.90</ItemPrice>
      <UnitOfMeasurePrice>24.22</UnitOfMeasurePrice>
      <AllowDiscount>0</AllowDiscount>
      <itemStatus>1</itemStatus>
      <LastUpdateDate />
      <LastUpdateTime />
    </Product>
    <Product>
      <PriceUpdateDate>2019/01/23 15:07</PriceUpdateDate>
      <ItemCode>7290012938405</ItemCode>
      <ItemType>1</ItemType>
      <ItemName>דיימונד עבה במיוחד</ItemName>
      <ManufactureName>גורי ע.ע.ע. בעמ</ManufactureName>
      <ManufactureCountry />
      <ManufactureItemDescription />
      <UnitQty>י"ח</UnitQty>
      <Quantity>100</Quantity>
      <UnitMeasure>ל  גרם</UnitMeasure>
      <BisWeighted>0</BisWeighted>
      <QtyInPackage>1</QtyInPackage>
      <ItemPrice>14.90</ItemPrice>
      <UnitOfMeasurePrice>14.90</UnitOfMeasurePrice>
      <AllowDiscount>0</AllowDiscount>
      <itemStatus>1</itemStatus>
      <LastUpdateDate />
      <LastUpdateTime />
    </Product>
    <Product>
      <PriceUpdateDate>2015/01/20 16:38</PriceUpdateDate>
      <ItemCode>7290012938597</ItemCode>
      <ItemType>1</ItemType>
      <ItemName>סנסודיין רפיד רליף 75 מ"ל</ItemName>
      <ManufactureName>גורי ע.ע.ע. בעמ</ManufactureName>
      <ManufactureCountry />
      <ManufactureItemDescription />
      <UnitQty>י"ח</UnitQty>
      <Quantity>75</Quantity>
      <UnitMeasure>ל  גרם</UnitMeasure>
      <BisWeighted>0</BisWeighted>
      <QtyInPackage>1</QtyInPackage>
      <ItemPrice>21.90</ItemPrice>
      <UnitOfMeasurePrice>29.20</UnitOfMeasurePrice>
      <AllowDiscount>1</AllowDiscount>
      <itemStatus>1</itemStatus>
      <LastUpdateDate />
      <LastUpdateTime />
    </Product>
    <Product>
      <PriceUpdateDate>2015/01/20 16:38</PriceUpdateDate>
      <ItemCode>7290012938740</ItemCode>
      <ItemType>1</ItemType>
      <ItemName>סנסודין מנטה 75מ"ל</ItemName>
      <ManufactureName>גורי ע.ע.ע. בעמ</ManufactureName>
      <ManufactureCountry />
      <ManufactureItemDescription />
      <UnitQty>י"ח</UnitQty>
      <Quantity>1</Quantity>
      <UnitMeasure />
      <BisWeighted>0</BisWeighted>
      <QtyInPackage>1</QtyInPackage>
      <ItemPrice>21.90</ItemPrice>
      <UnitOfMeasurePrice>21.90</UnitOfMeasurePrice>
      <AllowDiscount>1</AllowDiscount>
      <itemStatus>1</itemStatus>
      <LastUpdateDate />
      <LastUpdateTime />
    </Product>
    <Product>
      <PriceUpdateDate>2015/05/12 12:22</PriceUpdateDate>
      <ItemCode>7290012962776</ItemCode>
      <ItemType>1</ItemType>
      <ItemName>שקיות לאיחסון חלב אם 20יחידות</ItemName>
      <ManufactureName>אינטרסן (1996) בעמ</ManufactureName>
      <ManufactureCountry />
      <ManufactureItemDescription />
      <UnitQty>י"ח</UnitQty>
      <Quantity>20</Quantity>
      <UnitMeasure>י"ח</UnitMeasure>
      <BisWeighted>0</BisWeighted>
      <QtyInPackage>1</QtyInPackage>
      <ItemPrice>26.90</ItemPrice>
      <UnitOfMeasurePrice>1.35</UnitOfMeasurePrice>
      <AllowDiscount>1</AllowDiscount>
      <itemStatus>1</itemStatus>
      <LastUpdateDate />
      <LastUpdateTime />
    </Product>
    <Product>
      <PriceUpdateDate>2018/11/15 15:53</PriceUpdateDate>
      <ItemCode>7290013027368</ItemCode>
      <ItemType>1</ItemType>
      <ItemName>זוג לחמניות  באריזה</ItemName>
      <ManufactureName>שלמה א.אנג ל בעמ</ManufactureName>
      <ManufactureCountry />
      <ManufactureItemDescription />
      <UnitQty>י"ח</UnitQty>
      <Quantity>750</Quantity>
      <UnitMeasure>ל  גרם</UnitMeasure>
      <BisWeighted>0</BisWeighted>
      <QtyInPackage>1</QtyInPackage>
      <ItemPrice>3.20</ItemPrice>
      <UnitOfMeasurePrice>0.43</UnitOfMeasurePrice>
      <AllowDiscount>0</AllowDiscount>
      <itemStatus>1</itemStatus>
      <LastUpdateDate />
      <LastUpdateTime />
    </Product>
    <Product>
      <PriceUpdateDate>2019/07/02 09:09</PriceUpdateDate>
      <ItemCode>7290013027399</ItemCode>
      <ItemType>1</ItemType>
      <ItemName>לחם אנג ל 100 קל</ItemName>
      <ManufactureName>שלמה א.אנג ל בעמ</ManufactureName>
      <ManufactureCountry />
      <ManufactureItemDescription />
      <UnitQty>י"ח</UnitQty>
      <Quantity>750</Quantity>
      <UnitMeasure>ל  גרם</UnitMeasure>
      <BisWeighted>0</BisWeighted>
      <QtyInPackage>1</QtyInPackage>
      <ItemPrice>13.90</ItemPrice>
      <UnitOfMeasurePrice>1.85</UnitOfMeasurePrice>
      <AllowDiscount>1</AllowDiscount>
      <itemStatus>1</itemStatus>
      <LastUpdateDate />
      <LastUpdateTime />
    </Product>
    <Product>
      <PriceUpdateDate>2018/12/14 11:34</PriceUpdateDate>
      <ItemCode>7290013038005</ItemCode>
      <ItemType>1</ItemType>
      <ItemName>ג`אמפ תפוח 1.5 ליטר</ItemName>
      <ManufactureName>טמפו משקאות בעמ</ManufactureName>
      <ManufactureCountry />
      <ManufactureItemDescription />
      <UnitQty>י"ח</UnitQty>
      <Quantity>1.50</Quantity>
      <UnitMeasure>ליטר</UnitMeasure>
      <BisWeighted>0</BisWeighted>
      <QtyInPackage>1</QtyInPackage>
      <ItemPrice>5.90</ItemPrice>
      <UnitOfMeasurePrice>3.93</UnitOfMeasurePrice>
      <AllowDiscount>1</AllowDiscount>
      <itemStatus>1</itemStatus>
      <LastUpdateDate />
      <LastUpdateTime />
    </Product>
    <Product>
      <PriceUpdateDate>2018/12/14 11:34</PriceUpdateDate>
      <ItemCode>7290013038234</ItemCode>
      <ItemType>1</ItemType>
      <ItemName>אקווה נובה 2 ליטר שישייה</ItemName>
      <ManufactureName>טמפו משקאות בעמ</ManufactureName>
      <ManufactureCountry />
      <ManufactureItemDescription />
      <UnitQty>י"ח</UnitQty>
      <Quantity>12</Quantity>
      <UnitMeasure>ליטר</UnitMeasure>
      <BisWeighted>0</BisWeighted>
      <QtyInPackage>1</QtyInPackage>
      <ItemPrice>10.90</ItemPrice>
      <UnitOfMeasurePrice>0.91</UnitOfMeasurePrice>
      <AllowDiscount>0</AllowDiscount>
      <itemStatus>1</itemStatus>
      <LastUpdateDate />
      <LastUpdateTime />
    </Product>
    <Product>
      <PriceUpdateDate>2018/08/07 09:01</PriceUpdateDate>
      <ItemCode>7290013083678</ItemCode>
      <ItemType>1</ItemType>
      <ItemName>מטרנה אקסטרה קר שלב 2חסכון 700גר`</ItemName>
      <ManufactureName>קבוצת אוסם סחר-שות.מוגבלת</ManufactureName>
      <ManufactureCountry />
      <ManufactureItemDescription />
      <UnitQty>י"ח</UnitQty>
      <Quantity>700</Quantity>
      <UnitMeasure>ל  גרם</UnitMeasure>
      <BisWeighted>0</BisWeighted>
      <QtyInPackage>1</QtyInPackage>
      <ItemPrice>62.90</ItemPrice>
      <UnitOfMeasurePrice>8.99</UnitOfMeasurePrice>
      <AllowDiscount>1</AllowDiscount>
      <itemStatus>1</itemStatus>
      <LastUpdateDate />
      <LastUpdateTime />
    </Product>
    <Product>
      <PriceUpdateDate>2018/06/25 15:04</PriceUpdateDate>
      <ItemCode>7290013117212</ItemCode>
      <ItemType>1</ItemType>
      <ItemName>בורקס פילו במילוי גבינה 600 גר`מעדנות</ItemName>
      <ManufactureName>תנובה בשר</ManufactureName>
      <ManufactureCountry />
      <ManufactureItemDescription />
      <UnitQty>י"ח</UnitQty>
      <Quantity>600</Quantity>
      <UnitMeasure>ל  גרם</UnitMeasure>
      <BisWeighted>0</BisWeighted>
      <QtyInPackage>1</QtyInPackage>
      <ItemPrice>19.90</ItemPrice>
      <UnitOfMeasurePrice>3.32</UnitOfMeasurePrice>
      <AllowDiscount>1</AllowDiscount>
      <itemStatus>1</itemStatus>
      <LastUpdateDate />
      <LastUpdateTime />
    </Product>
    <Product>
      <PriceUpdateDate>2018/06/25 15:04</PriceUpdateDate>
      <ItemCode>7290013117229</ItemCode>
      <ItemType>1</ItemType>
      <ItemName>בורקס פילו במילוי תפו"א 600גר`</ItemName>
      <ManufactureName>תנובה בשר</ManufactureName>
      <ManufactureCountry />
      <ManufactureItemDescription />
      <UnitQty>י"ח</UnitQty>
      <Quantity>600</Quantity>
      <UnitMeasure>ל  גרם</UnitMeasure>
      <BisWeighted>0</BisWeighted>
      <QtyInPackage>1</QtyInPackage>
      <ItemPrice>19.90</ItemPrice>
      <UnitOfMeasurePrice>3.32</UnitOfMeasurePrice>
      <AllowDiscount>1</AllowDiscount>
      <itemStatus>1</itemStatus>
      <LastUpdateDate />
      <LastUpdateTime />
    </Product>
    <Product>
      <PriceUpdateDate>2018/06/25 15:04</PriceUpdateDate>
      <ItemCode>7290013117236</ItemCode>
      <ItemType>1</ItemType>
      <ItemName>בורקס פילו פיצה 600גר`</ItemName>
      <ManufactureName>תנובה בשר</ManufactureName>
      <ManufactureCountry />
      <ManufactureItemDescription />
      <UnitQty>י"ח</UnitQty>
      <Quantity>600</Quantity>
      <UnitMeasure>ל  גרם</UnitMeasure>
      <BisWeighted>0</BisWeighted>
      <QtyInPackage>1</QtyInPackage>
      <ItemPrice>19.90</ItemPrice>
      <UnitOfMeasurePrice>3.32</UnitOfMeasurePrice>
      <AllowDiscount>1</AllowDiscount>
      <itemStatus>1</itemStatus>
      <LastUpdateDate />
      <LastUpdateTime />
    </Product>
    <Product>
      <PriceUpdateDate>2018/06/25 15:04</PriceUpdateDate>
      <ItemCode>7290013117243</ItemCode>
      <ItemType>1</ItemType>
      <ItemName>בורקס פילו בולגרית 600גר`</ItemName>
      <ManufactureName>תנובה בשר</ManufactureName>
      <ManufactureCountry />
      <ManufactureItemDescription />
      <UnitQty>י"ח</UnitQty>
      <Quantity>600</Quantity>
      <UnitMeasure>ל  גרם</UnitMeasure>
      <BisWeighted>0</BisWeighted>
      <QtyInPackage>1</QtyInPackage>
      <ItemPrice>19.90</ItemPrice>
      <UnitOfMeasurePrice>3.32</UnitOfMeasurePrice>
      <AllowDiscount>1</AllowDiscount>
      <itemStatus>1</itemStatus>
      <LastUpdateDate />
      <LastUpdateTime />
    </Product>
    <Product>
      <PriceUpdateDate>2019/01/02 16:18</PriceUpdateDate>
      <ItemCode>7290013117410</ItemCode>
      <ItemType>1</ItemType>
      <ItemName>בצק עלים פריך   מתוק}מעדנות{900גר</ItemName>
      <ManufactureName>תנובה בשר</ManufactureName>
      <ManufactureCountry />
      <ManufactureItemDescription />
      <UnitQty>י"ח</UnitQty>
      <Quantity>900</Quantity>
      <UnitMeasure>ל  גרם</UnitMeasure>
      <BisWeighted>0</BisWeighted>
      <QtyInPackage>1</QtyInPackage>
      <ItemPrice>22.90</ItemPrice>
      <UnitOfMeasurePrice>2.54</UnitOfMeasurePrice>
      <AllowDiscount>1</AllowDiscount>
      <itemStatus>1</itemStatus>
      <LastUpdateDate />
      <LastUpdateTime />
    </Product>
    <Product>
      <PriceUpdateDate>2015/08/30 13:13</PriceUpdateDate>
      <ItemCode>7290013117526</ItemCode>
      <ItemType>1</ItemType>
      <ItemName>בצק שמרים למאפים מתוקים 900גרם</ItemName>
      <ManufactureName>תנובה בשר</ManufactureName>
      <ManufactureCountry />
      <ManufactureItemDescription />
      <UnitQty>י"ח</UnitQty>
      <Quantity>900</Quantity>
      <UnitMeasure>ל  גרם</UnitMeasure>
      <BisWeighted>0</BisWeighted>
      <QtyInPackage>1</QtyInPackage>
      <ItemPrice>21.40</ItemPrice>
      <UnitOfMeasurePrice>2.38</UnitOfMeasurePrice>
      <AllowDiscount>1</AllowDiscount>
      <itemStatus>1</itemStatus>
      <LastUpdateDate />
      <LastUpdateTime />
    </Product>
    <Product>
      <PriceUpdateDate>2014/10/21 13:12</PriceUpdateDate>
      <ItemCode>7290013121110</ItemCode>
      <ItemType>1</ItemType>
      <ItemName>לחמניות בורגר 4 350גר`</ItemName>
      <ManufactureName>זוגלובק שיווק ( גרין לייט)</ManufactureName>
      <ManufactureCountry />
      <ManufactureItemDescription />
      <UnitQty>י"ח</UnitQty>
      <Quantity>350</Quantity>
      <UnitMeasure>ל  גרם</UnitMeasure>
      <BisWeighted>0</BisWeighted>
      <QtyInPackage>1</QtyInPackage>
      <ItemPrice>15.80</ItemPrice>
      <UnitOfMeasurePrice>4.51</UnitOfMeasurePrice>
      <AllowDiscount>0</AllowDiscount>
      <itemStatus>1</itemStatus>
      <LastUpdateDate />
      <LastUpdateTime />
    </Product>
    <Product>
      <PriceUpdateDate>2017/09/12 14:57</PriceUpdateDate>
      <ItemCode>7290013121158</ItemCode>
      <ItemType>1</ItemType>
      <ItemName>רביעיית לחמניות סנדביץ 460גר.</ItemName>
      <ManufactureName>זוגלובק שיווק ( גרין לייט)</ManufactureName>
      <ManufactureCountry />
      <ManufactureItemDescription />
      <UnitQty>י"ח</UnitQty>
      <Quantity>400</Quantity>
      <UnitMeasure>ל  גרם</UnitMeasure>
      <BisWeighted>0</BisWeighted>
      <QtyInPackage>1</QtyInPackage>
      <ItemPrice>19.90</ItemPrice>
      <UnitOfMeasurePrice>4.98</UnitOfMeasurePrice>
      <AllowDiscount>0</AllowDiscount>
      <itemStatus>1</itemStatus>
      <LastUpdateDate />
      <LastUpdateTime />
    </Product>
    <Product>
      <PriceUpdateDate>2016/07/28 13:46</PriceUpdateDate>
      <ItemCode>7290013144195</ItemCode>
      <ItemType>1</ItemType>
      <ItemName>תערובת כדורי שוקולד 500גר`</ItemName>
      <ManufactureName>מימונס אפיה בעמ</ManufactureName>
      <ManufactureCountry />
      <ManufactureItemDescription />
      <UnitQty>י"ח</UnitQty>
      <Quantity>500</Quantity>
      <UnitMeasure>ל  גרם</UnitMeasure>
      <BisWeighted>0</BisWeighted>
      <QtyInPackage>1</QtyInPackage>
      <ItemPrice>15.90</ItemPrice>
      <UnitOfMeasurePrice>3.18</UnitOfMeasurePrice>
      <AllowDiscount>1</AllowDiscount>
      <itemStatus>1</itemStatus>
      <LastUpdateDate />
      <LastUpdateTime />
    </Product>
    <Product>
      <PriceUpdateDate>2016/07/28 13:47</PriceUpdateDate>
      <ItemCode>7290013144225</ItemCode>
      <ItemType>1</ItemType>
      <ItemName>תערובת עוגת שיש 560גר`</ItemName>
      <ManufactureName>מימונס אפיה בעמ</ManufactureName>
      <ManufactureCountry />
      <ManufactureItemDescription />
      <UnitQty>י"ח</UnitQty>
      <Quantity>560</Quantity>
      <UnitMeasure>ל  גרם</UnitMeasure>
      <BisWeighted>0</BisWeighted>
      <QtyInPackage>1</QtyInPackage>
      <ItemPrice>15.90</ItemPrice>
      <UnitOfMeasurePrice>2.84</UnitOfMeasurePrice>
      <AllowDiscount>1</AllowDiscount>
      <itemStatus>1</itemStatus>
      <LastUpdateDate />
      <LastUpdateTime />
    </Product>
    <Product>
      <PriceUpdateDate>2016/03/06 12:34</PriceUpdateDate>
      <ItemCode>7290013144232</ItemCode>
      <ItemType>1</ItemType>
      <ItemName>פודינג וניל</ItemName>
      <ManufactureName>מימונס אפיה בעמ</ManufactureName>
      <ManufactureCountry />
      <ManufactureItemDescription />
      <UnitQty>י"ח</UnitQty>
      <Quantity>8500</Quantity>
      <UnitMeasure>ל  גרם</UnitMeasure>
      <BisWeighted>0</BisWeighted>
      <QtyInPackage>1</QtyInPackage>
      <ItemPrice>4.90</ItemPrice>
      <UnitOfMeasurePrice>0.06</UnitOfMeasurePrice>
      <AllowDiscount>1</AllowDiscount>
      <itemStatus>1</itemStatus>
      <LastUpdateDate />
      <LastUpdateTime />
    </Product>
    <Product>
      <PriceUpdateDate>2016/03/06 17:59</PriceUpdateDate>
      <ItemCode>7290013144317</ItemCode>
      <ItemType>1</ItemType>
      <ItemName>ג`וני גלילית וופל למילוי</ItemName>
      <ManufactureName>מימונס אפיה בעמ</ManufactureName>
      <ManufactureCountry />
      <ManufactureItemDescription />
      <UnitQty>י"ח</UnitQty>
      <Quantity>1</Quantity>
      <UnitMeasure />
      <BisWeighted>0</BisWeighted>
      <QtyInPackage>1</QtyInPackage>
      <ItemPrice>21.50</ItemPrice>
      <UnitOfMeasurePrice>21.50</UnitOfMeasurePrice>
      <AllowDiscount>1</AllowDiscount>
      <itemStatus>1</itemStatus>
      <LastUpdateDate />
      <LastUpdateTime />
    </Product>
    <Product>
      <PriceUpdateDate>2018/12/17 13:37</PriceUpdateDate>
      <ItemCode>7290013144393</ItemCode>
      <ItemType>1</ItemType>
      <ItemName>תמצית וניל</ItemName>
      <ManufactureName>מימונס אפיה בעמ</ManufactureName>
      <ManufactureCountry />
      <ManufactureItemDescription />
      <UnitQty>י"ח</UnitQty>
      <Quantity>1</Quantity>
      <UnitMeasure />
      <BisWeighted>0</BisWeighted>
      <QtyInPackage>1</QtyInPackage>
      <ItemPrice>4.60</ItemPrice>
      <UnitOfMeasurePrice>4.60</UnitOfMeasurePrice>
      <AllowDiscount>0</AllowDiscount>
      <itemStatus>1</itemStatus>
      <LastUpdateDate />
      <LastUpdateTime />
    </Product>
    <Product>
      <PriceUpdateDate>2018/12/17 13:37</PriceUpdateDate>
      <ItemCode>7290013144409</ItemCode>
      <ItemType>1</ItemType>
      <ItemName>תמצית רום</ItemName>
      <ManufactureName>מימונס אפיה בעמ</ManufactureName>
      <ManufactureCountry />
      <ManufactureItemDescription />
      <UnitQty>י"ח</UnitQty>
      <Quantity>1</Quantity>
      <UnitMeasure />
      <BisWeighted>0</BisWeighted>
      <QtyInPackage>1</QtyInPackage>
      <ItemPrice>4.60</ItemPrice>
      <UnitOfMeasurePrice>4.60</UnitOfMeasurePrice>
      <AllowDiscount>0</AllowDiscount>
      <itemStatus>1</itemStatus>
      <LastUpdateDate />
      <LastUpdateTime />
    </Product>
    <Product>
      <PriceUpdateDate>2018/12/17 13:37</PriceUpdateDate>
      <ItemCode>7290013144416</ItemCode>
      <ItemType>1</ItemType>
      <ItemName>תמצית שקדים</ItemName>
      <ManufactureName>מימונס אפיה בעמ</ManufactureName>
      <ManufactureCountry />
      <ManufactureItemDescription />
      <UnitQty>י"ח</UnitQty>
      <Quantity>1</Quantity>
      <UnitMeasure />
      <BisWeighted>0</BisWeighted>
      <QtyInPackage>1</QtyInPackage>
      <ItemPrice>4.60</ItemPrice>
      <UnitOfMeasurePrice>4.60</UnitOfMeasurePrice>
      <AllowDiscount>0</AllowDiscount>
      <itemStatus>1</itemStatus>
      <LastUpdateDate />
      <LastUpdateTime />
    </Product>
    <Product>
      <PriceUpdateDate>2019/01/22 13:09</PriceUpdateDate>
      <ItemCode>7290013144614</ItemCode>
      <ItemType>1</ItemType>
      <ItemName>סירופ מייפל אמיתי 100% 236מ"ל</ItemName>
      <ManufactureName>מימונס אפיה בעמ</ManufactureName>
      <ManufactureCountry />
      <ManufactureItemDescription />
      <UnitQty>י"ח</UnitQty>
      <Quantity>236</Quantity>
      <UnitMeasure>ל  מ"ל</UnitMeasure>
      <BisWeighted>0</BisWeighted>
      <QtyInPackage>1</QtyInPackage>
      <ItemPrice>32.90</ItemPrice>
      <UnitOfMeasurePrice>13.94</UnitOfMeasurePrice>
      <AllowDiscount>1</AllowDiscount>
      <itemStatus>1</itemStatus>
      <LastUpdateDate />
      <LastUpdateTime />
    </Product>
    <Product>
      <PriceUpdateDate>2014/08/07 14:31</PriceUpdateDate>
      <ItemCode>7290013144751</ItemCode>
      <ItemType>1</ItemType>
      <ItemName>סירופ בטעם מייפל 500מ"ל</ItemName>
      <ManufactureName>מימונס אפיה בעמ</ManufactureName>
      <ManufactureCountry />
      <ManufactureItemDescription />
      <UnitQty>י"ח</UnitQty>
      <Quantity>500</Quantity>
      <UnitMeasure>ל  מ"ל</UnitMeasure>
      <BisWeighted>0</BisWeighted>
      <QtyInPackage>1</QtyInPackage>
      <ItemPrice>13.90</ItemPrice>
      <UnitOfMeasurePrice>2.78</UnitOfMeasurePrice>
      <AllowDiscount>0</AllowDiscount>
      <itemStatus>1</itemStatus>
      <LastUpdateDate />
      <LastUpdateTime />
    </Product>
    <Product>
      <PriceUpdateDate>2014/08/07 14:30</PriceUpdateDate>
      <ItemCode>7290013144768</ItemCode>
      <ItemType>1</ItemType>
      <ItemName>סירופ בטעם שוקולד 500מ"ל</ItemName>
      <ManufactureName>מימונס אפיה בעמ</ManufactureName>
      <ManufactureCountry />
      <ManufactureItemDescription />
      <UnitQty>י"ח</UnitQty>
      <Quantity>500</Quantity>
      <UnitMeasure>ל  מ"ל</UnitMeasure>
      <BisWeighted>0</BisWeighted>
      <QtyInPackage>1</QtyInPackage>
      <ItemPrice>13.90</ItemPrice>
      <UnitOfMeasurePrice>2.78</UnitOfMeasurePrice>
      <AllowDiscount>0</AllowDiscount>
      <itemStatus>1</itemStatus>
      <LastUpdateDate />
      <LastUpdateTime />
    </Product>
    <Product>
      <PriceUpdateDate>2016/03/06 17:59</PriceUpdateDate>
      <ItemCode>7290013144966</ItemCode>
      <ItemType>1</ItemType>
      <ItemName>פודינג טעם וניל צרפתי 1ק"ג צנצנת</ItemName>
      <ManufactureName>מימונס אפיה בעמ</ManufactureName>
      <ManufactureCountry />
      <ManufactureItemDescription />
      <UnitQty>י"ח</UnitQty>
      <Quantity>1</Quantity>
      <UnitMeasure>ק"ג</UnitMeasure>
      <BisWeighted>0</BisWeighted>
      <QtyInPackage>1</QtyInPackage>
      <ItemPrice>24.90</ItemPrice>
      <UnitOfMeasurePrice>24.90</UnitOfMeasurePrice>
      <AllowDiscount>0</AllowDiscount>
      <itemStatus>1</itemStatus>
      <LastUpdateDate />
      <LastUpdateTime />
    </Product>
    <Product>
      <PriceUpdateDate>2016/03/06 17:59</PriceUpdateDate>
      <ItemCode>7290013144980</ItemCode>
      <ItemType>1</ItemType>
      <ItemName>תרסיס שמן קנולה 170גר מימונס</ItemName>
      <ManufactureName>מימונס אפיה בעמ</ManufactureName>
      <ManufactureCountry />
      <ManufactureItemDescription />
      <UnitQty>י"ח</UnitQty>
      <Quantity>170</Quantity>
      <UnitMeasure>ל  מ"ל</UnitMeasure>
      <BisWeighted>0</BisWeighted>
      <QtyInPackage>1</QtyInPackage>
      <ItemPrice>14.90</ItemPrice>
      <UnitOfMeasurePrice>8.76</UnitOfMeasurePrice>
      <AllowDiscount>0</AllowDiscount>
      <itemStatus>1</itemStatus>
      <LastUpdateDate />
      <LastUpdateTime />
    </Product>
    <Product>
      <PriceUpdateDate>2018/01/04 10:10</PriceUpdateDate>
      <ItemCode>7290013145017</ItemCode>
      <ItemType>1</ItemType>
      <ItemName>אגוז מלך קלוף 100גר`</ItemName>
      <ManufactureName>מימונס אפיה בעמ</ManufactureName>
      <ManufactureCountry />
      <ManufactureItemDescription />
      <UnitQty>י"ח</UnitQty>
      <Quantity>100</Quantity>
      <UnitMeasure>ל  גרם</UnitMeasure>
      <BisWeighted>0</BisWeighted>
      <QtyInPackage>1</QtyInPackage>
      <ItemPrice>12.90</ItemPrice>
      <UnitOfMeasurePrice>12.90</UnitOfMeasurePrice>
      <AllowDiscount>1</AllowDiscount>
      <itemStatus>1</itemStatus>
      <LastUpdateDate />
      <LastUpdateTime />
    </Product>
    <Product>
      <PriceUpdateDate>2014/10/06 11:43</PriceUpdateDate>
      <ItemCode>7290013145031</ItemCode>
      <ItemType>1</ItemType>
      <ItemName>אגוזי לוז מסוכרים 100גר`</ItemName>
      <ManufactureName>מימונס אפיה בעמ</ManufactureName>
      <ManufactureCountry />
      <ManufactureItemDescription />
      <UnitQty>י"ח</UnitQty>
      <Quantity>100</Quantity>
      <UnitMeasure>ל  גרם</UnitMeasure>
      <BisWeighted>0</BisWeighted>
      <QtyInPackage>1</QtyInPackage>
      <ItemPrice>13.90</ItemPrice>
      <UnitOfMeasurePrice>13.90</UnitOfMeasurePrice>
      <AllowDiscount>1</AllowDiscount>
      <itemStatus>1</itemStatus>
      <LastUpdateDate />
      <LastUpdateTime />
    </Product>
    <Product>
      <PriceUpdateDate>2019/05/16 09:36</PriceUpdateDate>
      <ItemCode>7290013145048</ItemCode>
      <ItemType>1</ItemType>
      <ItemName>צנוברים 100 גר`מימונס</ItemName>
      <ManufactureName>מימונס אפיה בעמ</ManufactureName>
      <ManufactureCountry />
      <ManufactureItemDescription />
      <UnitQty>י"ח</UnitQty>
      <Quantity>100</Quantity>
      <UnitMeasure>ל  גרם</UnitMeasure>
      <BisWeighted>0</BisWeighted>
      <QtyInPackage>1</QtyInPackage>
      <ItemPrice>27.90</ItemPrice>
      <UnitOfMeasurePrice>27.90</UnitOfMeasurePrice>
      <AllowDiscount>0</AllowDiscount>
      <itemStatus>1</itemStatus>
      <LastUpdateDate />
      <LastUpdateTime />
    </Product>
    <Product>
      <PriceUpdateDate>2019/01/13 14:52</PriceUpdateDate>
      <ItemCode>7290013145062</ItemCode>
      <ItemType>1</ItemType>
      <ItemName>סירופ מייפל אמיתי 100% 187מ"ל</ItemName>
      <ManufactureName>מימונס אפיה בעמ</ManufactureName>
      <ManufactureCountry />
      <ManufactureItemDescription />
      <UnitQty>י"ח</UnitQty>
      <Quantity>187</Quantity>
      <UnitMeasure>ל  מ"ל</UnitMeasure>
      <BisWeighted>0</BisWeighted>
      <QtyInPackage>1</QtyInPackage>
      <ItemPrice>27.90</ItemPrice>
      <UnitOfMeasurePrice>14.92</UnitOfMeasurePrice>
      <AllowDiscount>1</AllowDiscount>
      <itemStatus>1</itemStatus>
      <LastUpdateDate />
      <LastUpdateTime />
    </Product>
    <Product>
      <PriceUpdateDate>2015/10/08 11:49</PriceUpdateDate>
      <ItemCode>7290013145079</ItemCode>
      <ItemType>1</ItemType>
      <ItemName>שקד טבעי גרוס 100גר`</ItemName>
      <ManufactureName>מימונס אפיה בעמ</ManufactureName>
      <ManufactureCountry />
      <ManufactureItemDescription />
      <UnitQty>י"ח</UnitQty>
      <Quantity>100</Quantity>
      <UnitMeasure>ל  גרם</UnitMeasure>
      <BisWeighted>0</BisWeighted>
      <QtyInPackage>1</QtyInPackage>
      <ItemPrice>12.90</ItemPrice>
      <UnitOfMeasurePrice>12.90</UnitOfMeasurePrice>
      <AllowDiscount>1</AllowDiscount>
      <itemStatus>1</itemStatus>
      <LastUpdateDate />
      <LastUpdateTime />
    </Product>
    <Product>
      <PriceUpdateDate>2015/10/08 11:49</PriceUpdateDate>
      <ItemCode>7290013145093</ItemCode>
      <ItemType>1</ItemType>
      <ItemName>שקד מולבן גרוס 100גר`</ItemName>
      <ManufactureName>מימונס אפיה בעמ</ManufactureName>
      <ManufactureCountry />
      <ManufactureItemDescription />
      <UnitQty>י"ח</UnitQty>
      <Quantity>100</Quantity>
      <UnitMeasure>ל  גרם</UnitMeasure>
      <BisWeighted>0</BisWeighted>
      <QtyInPackage>1</QtyInPackage>
      <ItemPrice>12.90</ItemPrice>
      <UnitOfMeasurePrice>12.90</UnitOfMeasurePrice>
      <AllowDiscount>1</AllowDiscount>
      <itemStatus>1</itemStatus>
      <LastUpdateDate />
      <LastUpdateTime />
    </Product>
    <Product>
      <PriceUpdateDate>2015/10/08 11:49</PriceUpdateDate>
      <ItemCode>7290013145109</ItemCode>
      <ItemType>1</ItemType>
      <ItemName>שקד מולבן טחון 100גר` מימונס</ItemName>
      <ManufactureName>מימונס אפיה בעמ</ManufactureName>
      <ManufactureCountry />
      <ManufactureItemDescription />
      <UnitQty>י"ח</UnitQty>
      <Quantity>100</Quantity>
      <UnitMeasure>ל  גרם</UnitMeasure>
      <BisWeighted>0</BisWeighted>
      <QtyInPackage>1</QtyInPackage>
      <ItemPrice>12.90</ItemPrice>
      <UnitOfMeasurePrice>12.90</UnitOfMeasurePrice>
      <AllowDiscount>1</AllowDiscount>
      <itemStatus>1</itemStatus>
      <LastUpdateDate />
      <LastUpdateTime />
    </Product>
    <Product>
      <PriceUpdateDate>2015/10/08 11:49</PriceUpdateDate>
      <ItemCode>7290013145116</ItemCode>
      <ItemType>1</ItemType>
      <ItemName>שקד מולבן מקלות 100גר`</ItemName>
      <ManufactureName>מימונס אפיה בעמ</ManufactureName>
      <ManufactureCountry />
      <ManufactureItemDescription />
      <UnitQty>י"ח</UnitQty>
      <Quantity>100</Quantity>
      <UnitMeasure>ל  גרם</UnitMeasure>
      <BisWeighted>0</BisWeighted>
      <QtyInPackage>1</QtyInPackage>
      <ItemPrice>12.90</ItemPrice>
      <UnitOfMeasurePrice>12.90</UnitOfMeasurePrice>
      <AllowDiscount>1</AllowDiscount>
      <itemStatus>1</itemStatus>
      <LastUpdateDate />
      <LastUpdateTime />
    </Product>
    <Product>
      <PriceUpdateDate>2015/10/08 11:49</PriceUpdateDate>
      <ItemCode>7290013145123</ItemCode>
      <ItemType>1</ItemType>
      <ItemName>שקד מולבן פרוס 100 גר`מימונס</ItemName>
      <ManufactureName>מימונס אפיה בעמ</ManufactureName>
      <ManufactureCountry />
      <ManufactureItemDescription />
      <UnitQty>י"ח</UnitQty>
      <Quantity>100</Quantity>
      <UnitMeasure>ל  גרם</UnitMeasure>
      <BisWeighted>0</BisWeighted>
      <QtyInPackage>1</QtyInPackage>
      <ItemPrice>12.90</ItemPrice>
      <UnitOfMeasurePrice>12.90</UnitOfMeasurePrice>
      <AllowDiscount>1</AllowDiscount>
      <itemStatus>1</itemStatus>
      <LastUpdateDate />
      <LastUpdateTime />
    </Product>
    <Product>
      <PriceUpdateDate>2014/01/13 15:48</PriceUpdateDate>
      <ItemCode>7290013145192</ItemCode>
      <ItemType>1</ItemType>
      <ItemName>שומשום 100 גר`מימונס</ItemName>
      <ManufactureName>מימונס אפיה בעמ</ManufactureName>
      <ManufactureCountry />
      <ManufactureItemDescription />
      <UnitQty>י"ח</UnitQty>
      <Quantity>100</Quantity>
      <UnitMeasure>ל  גרם</UnitMeasure>
      <BisWeighted>0</BisWeighted>
      <QtyInPackage>1</QtyInPackage>
      <ItemPrice>4.50</ItemPrice>
      <UnitOfMeasurePrice>4.50</UnitOfMeasurePrice>
      <AllowDiscount>0</AllowDiscount>
      <itemStatus>1</itemStatus>
      <LastUpdateDate />
      <LastUpdateTime />
    </Product>
    <Product>
      <PriceUpdateDate>2014/01/13 15:47</PriceUpdateDate>
      <ItemCode>7290013145215</ItemCode>
      <ItemType>1</ItemType>
      <ItemName>שומשום 400 גר`מימונס</ItemName>
      <ManufactureName>מימונס אפיה בעמ</ManufactureName>
      <ManufactureCountry />
      <ManufactureItemDescription />
      <UnitQty>י"ח</UnitQty>
      <Quantity>400</Quantity>
      <UnitMeasure>ל  גרם</UnitMeasure>
      <BisWeighted>0</BisWeighted>
      <QtyInPackage>1</QtyInPackage>
      <ItemPrice>14.80</ItemPrice>
      <UnitOfMeasurePrice>3.70</UnitOfMeasurePrice>
      <AllowDiscount>0</AllowDiscount>
      <itemStatus>1</itemStatus>
      <LastUpdateDate />
      <LastUpdateTime />
    </Product>
    <Product>
      <PriceUpdateDate>2017/10/15 17:13</PriceUpdateDate>
      <ItemCode>7290013145277</ItemCode>
      <ItemType>1</ItemType>
      <ItemName>עלים לקרמשניט 300ג</ItemName>
      <ManufactureName>מימונס אפיה בעמ</ManufactureName>
      <ManufactureCountry />
      <ManufactureItemDescription />
      <UnitQty>י"ח</UnitQty>
      <Quantity>300</Quantity>
      <UnitMeasure>ל  גרם</UnitMeasure>
      <BisWeighted>0</BisWeighted>
      <QtyInPackage>1</QtyInPackage>
      <ItemPrice>16.90</ItemPrice>
      <UnitOfMeasurePrice>5.63</UnitOfMeasurePrice>
      <AllowDiscount>1</AllowDiscount>
      <itemStatus>1</itemStatus>
      <LastUpdateDate />
      <LastUpdateTime />
    </Product>
    <Product>
      <PriceUpdateDate>2017/09/27 11:17</PriceUpdateDate>
      <ItemCode>7290013145390</ItemCode>
      <ItemType>1</ItemType>
      <ItemName>שוקולד צ`יפס 250 גר`מימונס</ItemName>
      <ManufactureName>מימונס אפיה בעמ</ManufactureName>
      <ManufactureCountry />
      <ManufactureItemDescription />
      <UnitQty>י"ח</UnitQty>
      <Quantity>250</Quantity>
      <UnitMeasure>ל  גרם</UnitMeasure>
      <BisWeighted>0</BisWeighted>
      <QtyInPackage>1</QtyInPackage>
      <ItemPrice>8.80</ItemPrice>
      <UnitOfMeasurePrice>3.52</UnitOfMeasurePrice>
      <AllowDiscount>0</AllowDiscount>
      <itemStatus>1</itemStatus>
      <LastUpdateDate />
      <LastUpdateTime />
    </Product>
    <Product>
      <PriceUpdateDate>2014/01/13 15:42</PriceUpdateDate>
      <ItemCode>7290013145406</ItemCode>
      <ItemType>1</ItemType>
      <ItemName>שוקולד צ`יפס לבן 250 גר`מימונס</ItemName>
      <ManufactureName>מימונס אפיה בעמ</ManufactureName>
      <ManufactureCountry />
      <ManufactureItemDescription />
      <UnitQty>י"ח</UnitQty>
      <Quantity>250</Quantity>
      <UnitMeasure>ל  מ"ל</UnitMeasure>
      <BisWeighted>0</BisWeighted>
      <QtyInPackage>1</QtyInPackage>
      <ItemPrice>9.40</ItemPrice>
      <UnitOfMeasurePrice>3.76</UnitOfMeasurePrice>
      <AllowDiscount>0</AllowDiscount>
      <itemStatus>1</itemStatus>
      <LastUpdateDate />
      <LastUpdateTime />
    </Product>
    <Product>
      <PriceUpdateDate>2019/12/09 12:45</PriceUpdateDate>
      <ItemCode>7290013145444</ItemCode>
      <ItemType>1</ItemType>
      <ItemName>שוקולד צ`יפס 66% מימונס</ItemName>
      <ManufactureName>מימונס אפיה בעמ</ManufactureName>
      <ManufactureCountry />
      <ManufactureItemDescription />
      <UnitQty>י"ח</UnitQty>
      <Quantity>250</Quantity>
      <UnitMeasure>ל  מ"ל</UnitMeasure>
      <BisWeighted>0</BisWeighted>
      <QtyInPackage>1</QtyInPackage>
      <ItemPrice>13.90</ItemPrice>
      <UnitOfMeasurePrice>5.56</UnitOfMeasurePrice>
      <AllowDiscount>0</AllowDiscount>
      <itemStatus>1</itemStatus>
      <LastUpdateDate />
      <LastUpdateTime />
    </Product>
    <Product>
      <PriceUpdateDate>2016/03/06 17:59</PriceUpdateDate>
      <ItemCode>7290013145710</ItemCode>
      <ItemType>1</ItemType>
      <ItemName>דובדבנים מסוכרים 100גר`</ItemName>
      <ManufactureName>מימונס אפיה בעמ</ManufactureName>
      <ManufactureCountry />
      <ManufactureItemDescription />
      <UnitQty>י"ח</UnitQty>
      <Quantity>100</Quantity>
      <UnitMeasure>ל  גרם</UnitMeasure>
      <BisWeighted>0</BisWeighted>
      <QtyInPackage>1</QtyInPackage>
      <ItemPrice>8.40</ItemPrice>
      <UnitOfMeasurePrice>8.40</UnitOfMeasurePrice>
      <AllowDiscount>0</AllowDiscount>
      <itemStatus>1</itemStatus>
      <LastUpdateDate />
      <LastUpdateTime />
    </Product>
    <Product>
      <PriceUpdateDate>2015/04/20 11:18</PriceUpdateDate>
      <ItemCode>7290013145826</ItemCode>
      <ItemType>1</ItemType>
      <ItemName>פודינג וניל לבן במיוחד 80גר</ItemName>
      <ManufactureName>מימונס אפיה בעמ</ManufactureName>
      <ManufactureCountry />
      <ManufactureItemDescription />
      <UnitQty>י"ח</UnitQty>
      <Quantity>80</Quantity>
      <UnitMeasure>ל  גרם</UnitMeasure>
      <BisWeighted>0</BisWeighted>
      <QtyInPackage>1</QtyInPackage>
      <ItemPrice>4.90</ItemPrice>
      <UnitOfMeasurePrice>6.13</UnitOfMeasurePrice>
      <AllowDiscount>1</AllowDiscount>
      <itemStatus>1</itemStatus>
      <LastUpdateDate />
      <LastUpdateTime />
    </Product>
    <Product>
      <PriceUpdateDate>2018/11/26 10:16</PriceUpdateDate>
      <ItemCode>7290013145840</ItemCode>
      <ItemType>1</ItemType>
      <ItemName>סוכר וניל מימונס 10יח בצלופן</ItemName>
      <ManufactureName>מימונס אפיה בעמ</ManufactureName>
      <ManufactureCountry />
      <ManufactureItemDescription />
      <UnitQty>י"ח</UnitQty>
      <Quantity>10</Quantity>
      <UnitMeasure>י"ח</UnitMeasure>
      <BisWeighted>0</BisWeighted>
      <QtyInPackage>1</QtyInPackage>
      <ItemPrice>2.50</ItemPrice>
      <UnitOfMeasurePrice>0.25</UnitOfMeasurePrice>
      <AllowDiscount>1</AllowDiscount>
      <itemStatus>1</itemStatus>
      <LastUpdateDate />
      <LastUpdateTime />
    </Product>
    <Product>
      <PriceUpdateDate>2018/11/26 10:16</PriceUpdateDate>
      <ItemCode>7290013145857</ItemCode>
      <ItemType>1</ItemType>
      <ItemName>אבקת אפיה  מימונס 10יח בצלופן</ItemName>
      <ManufactureName>מימונס אפיה בעמ</ManufactureName>
      <ManufactureCountry />
      <ManufactureItemDescription />
      <UnitQty>י"ח</UnitQty>
      <Quantity>10</Quantity>
      <UnitMeasure>י"ח</UnitMeasure>
      <BisWeighted>0</BisWeighted>
      <QtyInPackage>1</QtyInPackage>
      <ItemPrice>2.50</ItemPrice>
      <UnitOfMeasurePrice>0.25</UnitOfMeasurePrice>
      <AllowDiscount>1</AllowDiscount>
      <itemStatus>1</itemStatus>
      <LastUpdateDate />
      <LastUpdateTime />
    </Product>
    <Product>
      <PriceUpdateDate>2019/01/08 11:05</PriceUpdateDate>
      <ItemCode>7290013145956</ItemCode>
      <ItemType>1</ItemType>
      <ItemName>שמרים יבשים בואקום 500גרם מימונס</ItemName>
      <ManufactureName>מימונס אפיה בעמ</ManufactureName>
      <ManufactureCountry />
      <ManufactureItemDescription />
      <UnitQty>י"ח</UnitQty>
      <Quantity>500</Quantity>
      <UnitMeasure>ל  גרם</UnitMeasure>
      <BisWeighted>0</BisWeighted>
      <QtyInPackage>1</QtyInPackage>
      <ItemPrice>12.90</ItemPrice>
      <UnitOfMeasurePrice>2.58</UnitOfMeasurePrice>
      <AllowDiscount>0</AllowDiscount>
      <itemStatus>1</itemStatus>
      <LastUpdateDate />
      <LastUpdateTime />
    </Product>
    <Product>
      <PriceUpdateDate>2019/01/22 13:09</PriceUpdateDate>
      <ItemCode>7290013145963</ItemCode>
      <ItemType>1</ItemType>
      <ItemName>שמרים יבשים בואקום 125גרם בד"ץ בית יוס</ItemName>
      <ManufactureName>מימונס אפיה בעמ</ManufactureName>
      <ManufactureCountry />
      <ManufactureItemDescription />
      <UnitQty>י"ח</UnitQty>
      <Quantity>125</Quantity>
      <UnitMeasure>ל  גרם</UnitMeasure>
      <BisWeighted>0</BisWeighted>
      <QtyInPackage>1</QtyInPackage>
      <ItemPrice>5.90</ItemPrice>
      <UnitOfMeasurePrice>4.72</UnitOfMeasurePrice>
      <AllowDiscount>0</AllowDiscount>
      <itemStatus>1</itemStatus>
      <LastUpdateDate />
      <LastUpdateTime />
    </Product>
    <Product>
      <PriceUpdateDate>2014/11/23 09:43</PriceUpdateDate>
      <ItemCode>7290013145970</ItemCode>
      <ItemType>1</ItemType>
      <ItemName>קורנפלור מימונס 200גר`</ItemName>
      <ManufactureName>מימונס אפיה בעמ</ManufactureName>
      <ManufactureCountry />
      <ManufactureItemDescription />
      <UnitQty>י"ח</UnitQty>
      <Quantity>100</Quantity>
      <UnitMeasure>ל  גרם</UnitMeasure>
      <BisWeighted>0</BisWeighted>
      <QtyInPackage>1</QtyInPackage>
      <ItemPrice>4.90</ItemPrice>
      <UnitOfMeasurePrice>4.90</UnitOfMeasurePrice>
      <AllowDiscount>1</AllowDiscount>
      <itemStatus>1</itemStatus>
      <LastUpdateDate />
      <LastUpdateTime />
    </Product>
    <Product>
      <PriceUpdateDate>2019/11/17 09:05</PriceUpdateDate>
      <ItemCode>7290013146854</ItemCode>
      <ItemType>1</ItemType>
      <ItemName>קוקוס לבן 400ג מימונס</ItemName>
      <ManufactureName>מימונס אפיה בעמ</ManufactureName>
      <ManufactureCountry />
      <ManufactureItemDescription />
      <UnitQty>י"ח</UnitQty>
      <Quantity>1</Quantity>
      <UnitMeasure />
      <BisWeighted>0</BisWeighted>
      <QtyInPackage>1</QtyInPackage>
      <ItemPrice>13.90</ItemPrice>
      <UnitOfMeasurePrice>13.90</UnitOfMeasurePrice>
      <AllowDiscount>0</AllowDiscount>
      <itemStatus>1</itemStatus>
      <LastUpdateDate />
      <LastUpdateTime />
    </Product>
    <Product>
      <PriceUpdateDate>2020/03/10 12:19</PriceUpdateDate>
      <ItemCode>7290013177360</ItemCode>
      <ItemType>1</ItemType>
      <ItemName>פומלה</ItemName>
      <ManufactureName>ביכורי הנגב מ.ד בעמ</ManufactureName>
      <ManufactureCountry />
      <ManufactureItemDescription />
      <UnitQty>ק"ג</UnitQty>
      <Quantity>1</Quantity>
      <UnitMeasure />
      <BisWeighted>1</BisWeighted>
      <QtyInPackage>1</QtyInPackage>
      <ItemPrice>8.90</ItemPrice>
      <UnitOfMeasurePrice>8.90</UnitOfMeasurePrice>
      <AllowDiscount>0</AllowDiscount>
      <itemStatus>1</itemStatus>
      <LastUpdateDate />
      <LastUpdateTime />
    </Product>
    <Product>
      <PriceUpdateDate>2019/12/04 14:54</PriceUpdateDate>
      <ItemCode>7290013268037</ItemCode>
      <ItemType>1</ItemType>
      <ItemName>מרכך כביסה מקסימה 1 ליטר מרוכז</ItemName>
      <ManufactureName>החב הדרומית לשיווק</ManufactureName>
      <ManufactureCountry />
      <ManufactureItemDescription />
      <UnitQty>י"ח</UnitQty>
      <Quantity>1</Quantity>
      <UnitMeasure>ליטר</UnitMeasure>
      <BisWeighted>0</BisWeighted>
      <QtyInPackage>1</QtyInPackage>
      <ItemPrice>15.90</ItemPrice>
      <UnitOfMeasurePrice>15.90</UnitOfMeasurePrice>
      <AllowDiscount>1</AllowDiscount>
      <itemStatus>1</itemStatus>
      <LastUpdateDate />
      <LastUpdateTime />
    </Product>
    <Product>
      <PriceUpdateDate>2020/04/30 10:50</PriceUpdateDate>
      <ItemCode>7290013268372</ItemCode>
      <ItemType>1</ItemType>
      <ItemName>פוליויקס פרקט 2 ליטר בתוספת שמן ארגן</ItemName>
      <ManufactureName>החב הדרומית לשיווק</ManufactureName>
      <ManufactureCountry />
      <ManufactureItemDescription />
      <UnitQty>י"ח</UnitQty>
      <Quantity>2</Quantity>
      <UnitMeasure>ליטר</UnitMeasure>
      <BisWeighted>0</BisWeighted>
      <QtyInPackage>1</QtyInPackage>
      <ItemPrice>24.90</ItemPrice>
      <UnitOfMeasurePrice>12.45</UnitOfMeasurePrice>
      <AllowDiscount>0</AllowDiscount>
      <itemStatus>1</itemStatus>
      <LastUpdateDate />
      <LastUpdateTime />
    </Product>
    <Product>
      <PriceUpdateDate>2019/12/09 14:32</PriceUpdateDate>
      <ItemCode>7290013268464</ItemCode>
      <ItemType>1</ItemType>
      <ItemName>קרמה קרם גוף מאסק 500מ"ל</ItemName>
      <ManufactureName>החב הדרומית לשיווק</ManufactureName>
      <ManufactureCountry />
      <ManufactureItemDescription />
      <UnitQty>י"ח</UnitQty>
      <Quantity>500</Quantity>
      <UnitMeasure>ל  מ"ל</UnitMeasure>
      <BisWeighted>0</BisWeighted>
      <QtyInPackage>1</QtyInPackage>
      <ItemPrice>22.90</ItemPrice>
      <UnitOfMeasurePrice>4.58</UnitOfMeasurePrice>
      <AllowDiscount>0</AllowDiscount>
      <itemStatus>1</itemStatus>
      <LastUpdateDate />
      <LastUpdateTime />
    </Product>
    <Product>
      <PriceUpdateDate>2019/12/09 14:32</PriceUpdateDate>
      <ItemCode>7290013268891</ItemCode>
      <ItemType>1</ItemType>
      <ItemName>סנו אוקסיגן  ג"ל 3ליטר</ItemName>
      <ManufactureName>החב הדרומית לשיווק</ManufactureName>
      <ManufactureCountry />
      <ManufactureItemDescription />
      <UnitQty>י"ח</UnitQty>
      <Quantity>3</Quantity>
      <UnitMeasure>ליטר</UnitMeasure>
      <BisWeighted>0</BisWeighted>
      <QtyInPackage>1</QtyInPackage>
      <ItemPrice>28.90</ItemPrice>
      <UnitOfMeasurePrice>9.63</UnitOfMeasurePrice>
      <AllowDiscount>1</AllowDiscount>
      <itemStatus>1</itemStatus>
      <LastUpdateDate />
      <LastUpdateTime />
    </Product>
    <Product>
      <PriceUpdateDate>2019/07/17 10:39</PriceUpdateDate>
      <ItemCode>7290013268938</ItemCode>
      <ItemType>1</ItemType>
      <ItemName>סנו בון שלישייה MUSK</ItemName>
      <ManufactureName>החב הדרומית לשיווק</ManufactureName>
      <ManufactureCountry />
      <ManufactureItemDescription />
      <UnitQty>י"ח</UnitQty>
      <Quantity>165</Quantity>
      <UnitMeasure>ל  גרם</UnitMeasure>
      <BisWeighted>0</BisWeighted>
      <QtyInPackage>1</QtyInPackage>
      <ItemPrice>9.90</ItemPrice>
      <UnitOfMeasurePrice>6</UnitOfMeasurePrice>
      <AllowDiscount>0</AllowDiscount>
      <itemStatus>1</itemStatus>
      <LastUpdateDate />
      <LastUpdateTime />
    </Product>
    <Product>
      <PriceUpdateDate>2019/12/04 14:54</PriceUpdateDate>
      <ItemCode>7290013268990</ItemCode>
      <ItemType>1</ItemType>
      <ItemName>מרכך כביסה ביו מקסימה 1 ליטר מרוכז</ItemName>
      <ManufactureName>החב הדרומית לשיווק</ManufactureName>
      <ManufactureCountry />
      <ManufactureItemDescription />
      <UnitQty>י"ח</UnitQty>
      <Quantity>1</Quantity>
      <UnitMeasure>ליטר</UnitMeasure>
      <BisWeighted>0</BisWeighted>
      <QtyInPackage>1</QtyInPackage>
      <ItemPrice>15.90</ItemPrice>
      <UnitOfMeasurePrice>15.90</UnitOfMeasurePrice>
      <AllowDiscount>1</AllowDiscount>
      <itemStatus>1</itemStatus>
      <LastUpdateDate />
      <LastUpdateTime />
    </Product>
    <Product>
      <PriceUpdateDate>2019/12/04 14:54</PriceUpdateDate>
      <ItemCode>7290013269003</ItemCode>
      <ItemType>1</ItemType>
      <ItemName>מרכך כביסה בייבי מקסימה 1 ליטר מרוכז</ItemName>
      <ManufactureName>החב הדרומית לשיווק</ManufactureName>
      <ManufactureCountry />
      <ManufactureItemDescription />
      <UnitQty>י"ח</UnitQty>
      <Quantity>1</Quantity>
      <UnitMeasure>ליטר</UnitMeasure>
      <BisWeighted>0</BisWeighted>
      <QtyInPackage>1</QtyInPackage>
      <ItemPrice>15.90</ItemPrice>
      <UnitOfMeasurePrice>15.90</UnitOfMeasurePrice>
      <AllowDiscount>1</AllowDiscount>
      <itemStatus>1</itemStatus>
      <LastUpdateDate />
      <LastUpdateTime />
    </Product>
    <Product>
      <PriceUpdateDate>2019/12/09 14:32</PriceUpdateDate>
      <ItemCode>7290013269263</ItemCode>
      <ItemType>1</ItemType>
      <ItemName>סנו ג ל כביסה 3ליטר קריסטל</ItemName>
      <ManufactureName>החב הדרומית לשיווק</ManufactureName>
      <ManufactureCountry />
      <ManufactureItemDescription />
      <UnitQty>י"ח</UnitQty>
      <Quantity>3</Quantity>
      <UnitMeasure>ליטר</UnitMeasure>
      <BisWeighted>0</BisWeighted>
      <QtyInPackage>1</QtyInPackage>
      <ItemPrice>29.90</ItemPrice>
      <UnitOfMeasurePrice>9.97</UnitOfMeasurePrice>
      <AllowDiscount>1</AllowDiscount>
      <itemStatus>1</itemStatus>
      <LastUpdateDate />
      <LastUpdateTime />
    </Product>
    <Product>
      <PriceUpdateDate>2019/12/09 14:32</PriceUpdateDate>
      <ItemCode>7290013269287</ItemCode>
      <ItemType>1</ItemType>
      <ItemName>סנו ג ל כביסה 3ליטר ביו</ItemName>
      <ManufactureName>החב הדרומית לשיווק</ManufactureName>
      <ManufactureCountry />
      <ManufactureItemDescription />
      <UnitQty>י"ח</UnitQty>
      <Quantity>3</Quantity>
      <UnitMeasure>ליטר</UnitMeasure>
      <BisWeighted>0</BisWeighted>
      <QtyInPackage>1</QtyInPackage>
      <ItemPrice>29.90</ItemPrice>
      <UnitOfMeasurePrice>9.97</UnitOfMeasurePrice>
      <AllowDiscount>1</AllowDiscount>
      <itemStatus>1</itemStatus>
      <LastUpdateDate />
      <LastUpdateTime />
    </Product>
    <Product>
      <PriceUpdateDate>2019/12/09 14:32</PriceUpdateDate>
      <ItemCode>7290013269300</ItemCode>
      <ItemType>1</ItemType>
      <ItemName>ניילון נצמד +150מטר סנו</ItemName>
      <ManufactureName>החב הדרומית לשיווק</ManufactureName>
      <ManufactureCountry />
      <ManufactureItemDescription />
      <UnitQty>י"ח</UnitQty>
      <Quantity>1</Quantity>
      <UnitMeasure />
      <BisWeighted>0</BisWeighted>
      <QtyInPackage>1</QtyInPackage>
      <ItemPrice>27.90</ItemPrice>
      <UnitOfMeasurePrice>27.90</UnitOfMeasurePrice>
      <AllowDiscount>0</AllowDiscount>
      <itemStatus>1</itemStatus>
      <LastUpdateDate />
      <LastUpdateTime />
    </Product>
    <Product>
      <PriceUpdateDate>2020/01/07 09:45</PriceUpdateDate>
      <ItemCode>7290013269348</ItemCode>
      <ItemType>1</ItemType>
      <ItemName>סנו K3 תחנות פיתיון</ItemName>
      <ManufactureName>החב הדרומית לשיווק</ManufactureName>
      <ManufactureCountry />
      <ManufactureItemDescription />
      <UnitQty>י"ח</UnitQty>
      <Quantity>10</Quantity>
      <UnitMeasure>ל  מ"ל</UnitMeasure>
      <BisWeighted>0</BisWeighted>
      <QtyInPackage>1</QtyInPackage>
      <ItemPrice>49.90</ItemPrice>
      <UnitOfMeasurePrice>499</UnitOfMeasurePrice>
      <AllowDiscount>0</AllowDiscount>
      <itemStatus>1</itemStatus>
      <LastUpdateDate />
      <LastUpdateTime />
    </Product>
    <Product>
      <PriceUpdateDate>2019/12/04 14:54</PriceUpdateDate>
      <ItemCode>7290013269560</ItemCode>
      <ItemType>1</ItemType>
      <ItemName>תחליב רחצה 750קרמה מ"ל מאסק</ItemName>
      <ManufactureName>החב הדרומית לשיווק</ManufactureName>
      <ManufactureCountry />
      <ManufactureItemDescription />
      <UnitQty>י"ח</UnitQty>
      <Quantity>750</Quantity>
      <UnitMeasure>ל  מ"ל</UnitMeasure>
      <BisWeighted>0</BisWeighted>
      <QtyInPackage>1</QtyInPackage>
      <ItemPrice>15.90</ItemPrice>
      <UnitOfMeasurePrice>2.12</UnitOfMeasurePrice>
      <AllowDiscount>1</AllowDiscount>
      <itemStatus>1</itemStatus>
      <LastUpdateDate />
      <LastUpdateTime />
    </Product>
    <Product>
      <PriceUpdateDate>2018/10/15 10:48</PriceUpdateDate>
      <ItemCode>7290013269621</ItemCode>
      <ItemType>1</ItemType>
      <ItemName>ריצפז פרש הום  2ל לרצפה מלון בוטיק</ItemName>
      <ManufactureName>החב הדרומית לשיווק</ManufactureName>
      <ManufactureCountry />
      <ManufactureItemDescription />
      <UnitQty>י"ח</UnitQty>
      <Quantity>1.45</Quantity>
      <UnitMeasure>ליטר</UnitMeasure>
      <BisWeighted>0</BisWeighted>
      <QtyInPackage>1</QtyInPackage>
      <ItemPrice>19.90</ItemPrice>
      <UnitOfMeasurePrice>13.72</UnitOfMeasurePrice>
      <AllowDiscount>1</AllowDiscount>
      <itemStatus>1</itemStatus>
      <LastUpdateDate />
      <LastUpdateTime />
    </Product>
    <Product>
      <PriceUpdateDate>2015/11/19 19:00</PriceUpdateDate>
      <ItemCode>7290013269645</ItemCode>
      <ItemType>1</ItemType>
      <ItemName>מטליות לחות לרצפה מאסק 10 יחידות</ItemName>
      <ManufactureName>החב הדרומית לשיווק</ManufactureName>
      <ManufactureCountry />
      <ManufactureItemDescription />
      <UnitQty>י"ח</UnitQty>
      <Quantity>1</Quantity>
      <UnitMeasure />
      <BisWeighted>0</BisWeighted>
      <QtyInPackage>1</QtyInPackage>
      <ItemPrice>10.90</ItemPrice>
      <UnitOfMeasurePrice>10.90</UnitOfMeasurePrice>
      <AllowDiscount>1</AllowDiscount>
      <itemStatus>1</itemStatus>
      <LastUpdateDate />
      <LastUpdateTime />
    </Product>
    <Product>
      <PriceUpdateDate>2019/12/04 14:54</PriceUpdateDate>
      <ItemCode>7290013269669</ItemCode>
      <ItemType>1</ItemType>
      <ItemName>ריצפז פנטזיה  3 ליטר</ItemName>
      <ManufactureName>החב הדרומית לשיווק</ManufactureName>
      <ManufactureCountry />
      <ManufactureItemDescription />
      <UnitQty>י"ח</UnitQty>
      <Quantity>3</Quantity>
      <UnitMeasure>ליטר</UnitMeasure>
      <BisWeighted>0</BisWeighted>
      <QtyInPackage>1</QtyInPackage>
      <ItemPrice>11.90</ItemPrice>
      <UnitOfMeasurePrice>3.97</UnitOfMeasurePrice>
      <AllowDiscount>1</AllowDiscount>
      <itemStatus>1</itemStatus>
      <LastUpdateDate />
      <LastUpdateTime />
    </Product>
    <Product>
      <PriceUpdateDate>2019/07/17 10:40</PriceUpdateDate>
      <ItemCode>7290013269911</ItemCode>
      <ItemType>1</ItemType>
      <ItemName>K-333 הגנה מחרקים</ItemName>
      <ManufactureName>החב הדרומית לשיווק</ManufactureName>
      <ManufactureCountry />
      <ManufactureItemDescription />
      <UnitQty>י"ח</UnitQty>
      <Quantity>750</Quantity>
      <UnitMeasure>ל  מ"ל</UnitMeasure>
      <BisWeighted>0</BisWeighted>
      <QtyInPackage>1</QtyInPackage>
      <ItemPrice>29.90</ItemPrice>
      <UnitOfMeasurePrice>3.99</UnitOfMeasurePrice>
      <AllowDiscount>0</AllowDiscount>
      <itemStatus>1</itemStatus>
      <LastUpdateDate />
      <LastUpdateTime />
    </Product>
    <Product>
      <PriceUpdateDate>2016/05/05 19:58</PriceUpdateDate>
      <ItemCode>7290013276124</ItemCode>
      <ItemType>1</ItemType>
      <ItemName>בירה אמבר אייל  330מ"ל</ItemName>
      <ManufactureName>הכרם משקאות חריפים בעמ</ManufactureName>
      <ManufactureCountry />
      <ManufactureItemDescription />
      <UnitQty>י"ח</UnitQty>
      <Quantity>330</Quantity>
      <UnitMeasure>ל  מ"ל</UnitMeasure>
      <BisWeighted>0</BisWeighted>
      <QtyInPackage>1</QtyInPackage>
      <ItemPrice>15.90</ItemPrice>
      <UnitOfMeasurePrice>4.73</UnitOfMeasurePrice>
      <AllowDiscount>1</AllowDiscount>
      <itemStatus>1</itemStatus>
      <LastUpdateDate />
      <LastUpdateTime />
    </Product>
    <Product>
      <PriceUpdateDate>2013/12/22 12:50</PriceUpdateDate>
      <ItemCode>7290013284310</ItemCode>
      <ItemType>1</ItemType>
      <ItemName>רוטב פסטה 240גר פריניר</ItemName>
      <ManufactureName>ח.כהן סוכנות מזון ומשקאות בע</ManufactureName>
      <ManufactureCountry />
      <ManufactureItemDescription />
      <UnitQty>י"ח</UnitQty>
      <Quantity>70</Quantity>
      <UnitMeasure>ל  גרם</UnitMeasure>
      <BisWeighted>0</BisWeighted>
      <QtyInPackage>1</QtyInPackage>
      <ItemPrice>6.10</ItemPrice>
      <UnitOfMeasurePrice>8.71</UnitOfMeasurePrice>
      <AllowDiscount>0</AllowDiscount>
      <itemStatus>1</itemStatus>
      <LastUpdateDate />
      <LastUpdateTime />
    </Product>
    <Product>
      <PriceUpdateDate>2015/06/08 10:33</PriceUpdateDate>
      <ItemCode>7290013284662</ItemCode>
      <ItemType>1</ItemType>
      <ItemName>רוטב פיצה  240גר פריניר</ItemName>
      <ManufactureName>ח.כהן סוכנות מזון ומשקאות בע</ManufactureName>
      <ManufactureCountry />
      <ManufactureItemDescription />
      <UnitQty>י"ח</UnitQty>
      <Quantity>70</Quantity>
      <UnitMeasure>ל  גרם</UnitMeasure>
      <BisWeighted>0</BisWeighted>
      <QtyInPackage>1</QtyInPackage>
      <ItemPrice>5.90</ItemPrice>
      <UnitOfMeasurePrice>8.43</UnitOfMeasurePrice>
      <AllowDiscount>0</AllowDiscount>
      <itemStatus>1</itemStatus>
      <LastUpdateDate />
      <LastUpdateTime />
    </Product>
    <Product>
      <PriceUpdateDate>2015/10/18 09:03</PriceUpdateDate>
      <ItemCode>7290013310019</ItemCode>
      <ItemType>1</ItemType>
      <ItemName>קיסמי שיניים רפואים עם חוט דנטאלי הוסט</ItemName>
      <ManufactureName>אינטרסן (1996) בעמ</ManufactureName>
      <ManufactureCountry />
      <ManufactureItemDescription />
      <UnitQty>י"ח</UnitQty>
      <Quantity>1</Quantity>
      <UnitMeasure />
      <BisWeighted>0</BisWeighted>
      <QtyInPackage>1</QtyInPackage>
      <ItemPrice>6.90</ItemPrice>
      <UnitOfMeasurePrice>6.90</UnitOfMeasurePrice>
      <AllowDiscount>0</AllowDiscount>
      <itemStatus>1</itemStatus>
      <LastUpdateDate />
      <LastUpdateTime />
    </Product>
    <Product>
      <PriceUpdateDate>2016/06/02 11:49</PriceUpdateDate>
      <ItemCode>7290013310163</ItemCode>
      <ItemType>1</ItemType>
      <ItemName>מדליק פחמים מוצק 40יח</ItemName>
      <ManufactureName>אינטרסן (1996) בעמ</ManufactureName>
      <ManufactureCountry />
      <ManufactureItemDescription />
      <UnitQty>י"ח</UnitQty>
      <Quantity>40</Quantity>
      <UnitMeasure>י"ח</UnitMeasure>
      <BisWeighted>0</BisWeighted>
      <QtyInPackage>1</QtyInPackage>
      <ItemPrice>7.90</ItemPrice>
      <UnitOfMeasurePrice>0.20</UnitOfMeasurePrice>
      <AllowDiscount>1</AllowDiscount>
      <itemStatus>1</itemStatus>
      <LastUpdateDate />
      <LastUpdateTime />
    </Product>
    <Product>
      <PriceUpdateDate>2013/12/11 11:53</PriceUpdateDate>
      <ItemCode>7290013310262</ItemCode>
      <ItemType>1</ItemType>
      <ItemName>נובי כפית ארוכה 4  יח`בטוחה ורגישה לחום</ItemName>
      <ManufactureName>אינטרסן (1996) בעמ</ManufactureName>
      <ManufactureCountry />
      <ManufactureItemDescription />
      <UnitQty>י"ח</UnitQty>
      <Quantity>4</Quantity>
      <UnitMeasure>י"ח</UnitMeasure>
      <BisWeighted>0</BisWeighted>
      <QtyInPackage>1</QtyInPackage>
      <ItemPrice>29.90</ItemPrice>
      <UnitOfMeasurePrice>7.48</UnitOfMeasurePrice>
      <AllowDiscount>0</AllowDiscount>
      <itemStatus>1</itemStatus>
      <LastUpdateDate />
      <LastUpdateTime />
    </Product>
    <Product>
      <PriceUpdateDate>2014/04/22 07:47</PriceUpdateDate>
      <ItemCode>7290013310507</ItemCode>
      <ItemType>1</ItemType>
      <ItemName>מברשת עם פטנט לבקבוק ופיטמה טוליפס</ItemName>
      <ManufactureName>אינטרסן (1996) בעמ</ManufactureName>
      <ManufactureCountry />
      <ManufactureItemDescription />
      <UnitQty>י"ח</UnitQty>
      <Quantity>1</Quantity>
      <UnitMeasure />
      <BisWeighted>0</BisWeighted>
      <QtyInPackage>1</QtyInPackage>
      <ItemPrice>9.90</ItemPrice>
      <UnitOfMeasurePrice>9.90</UnitOfMeasurePrice>
      <AllowDiscount>0</AllowDiscount>
      <itemStatus>1</itemStatus>
      <LastUpdateDate />
      <LastUpdateTime />
    </Product>
    <Product>
      <PriceUpdateDate>2018/05/02 11:58</PriceUpdateDate>
      <ItemCode>7290013358356</ItemCode>
      <ItemType>1</ItemType>
      <ItemName>פירורי לחם מוזהבים 320גרם מאסטרשף</ItemName>
      <ManufactureName>ש.שסטוביץ בעמ</ManufactureName>
      <ManufactureCountry />
      <ManufactureItemDescription />
      <UnitQty>י"ח</UnitQty>
      <Quantity>320</Quantity>
      <UnitMeasure>ל  גרם</UnitMeasure>
      <BisWeighted>0</BisWeighted>
      <QtyInPackage>1</QtyInPackage>
      <ItemPrice>6.90</ItemPrice>
      <UnitOfMeasurePrice>2.16</UnitOfMeasurePrice>
      <AllowDiscount>1</AllowDiscount>
      <itemStatus>1</itemStatus>
      <LastUpdateDate />
      <LastUpdateTime />
    </Product>
    <Product>
      <PriceUpdateDate>2016/05/26 14:37</PriceUpdateDate>
      <ItemCode>7290013358363</ItemCode>
      <ItemType>1</ItemType>
      <ItemName>פירורי לחם יפני פנקו מוזהבים 350גרם</ItemName>
      <ManufactureName>ש.שסטוביץ בעמ</ManufactureName>
      <ManufactureCountry />
      <ManufactureItemDescription />
      <UnitQty>י"ח</UnitQty>
      <Quantity>300</Quantity>
      <UnitMeasure>ל  גרם</UnitMeasure>
      <BisWeighted>0</BisWeighted>
      <QtyInPackage>1</QtyInPackage>
      <ItemPrice>8.90</ItemPrice>
      <UnitOfMeasurePrice>2.97</UnitOfMeasurePrice>
      <AllowDiscount>1</AllowDiscount>
      <itemStatus>1</itemStatus>
      <LastUpdateDate />
      <LastUpdateTime />
    </Product>
    <Product>
      <PriceUpdateDate>2016/05/26 14:37</PriceUpdateDate>
      <ItemCode>7290013358370</ItemCode>
      <ItemType>1</ItemType>
      <ItemName>פירורי לחם יפני פנקו מוזהבים טעם שום 3</ItemName>
      <ManufactureName>ש.שסטוביץ בעמ</ManufactureName>
      <ManufactureCountry />
      <ManufactureItemDescription />
      <UnitQty>י"ח</UnitQty>
      <Quantity>300</Quantity>
      <UnitMeasure>ל  גרם</UnitMeasure>
      <BisWeighted>0</BisWeighted>
      <QtyInPackage>1</QtyInPackage>
      <ItemPrice>8.90</ItemPrice>
      <UnitOfMeasurePrice>2.97</UnitOfMeasurePrice>
      <AllowDiscount>1</AllowDiscount>
      <itemStatus>1</itemStatus>
      <LastUpdateDate />
      <LastUpdateTime />
    </Product>
    <Product>
      <PriceUpdateDate>2019/07/17 10:37</PriceUpdateDate>
      <ItemCode>7290013358417</ItemCode>
      <ItemType>1</ItemType>
      <ItemName>רוטב טריאקי 300מ"ל</ItemName>
      <ManufactureName>ש.שסטוביץ בעמ</ManufactureName>
      <ManufactureCountry />
      <ManufactureItemDescription />
      <UnitQty>י"ח</UnitQty>
      <Quantity>300</Quantity>
      <UnitMeasure>ל  מ"ל</UnitMeasure>
      <BisWeighted>0</BisWeighted>
      <QtyInPackage>1</QtyInPackage>
      <ItemPrice>11.90</ItemPrice>
      <UnitOfMeasurePrice>3.97</UnitOfMeasurePrice>
      <AllowDiscount>1</AllowDiscount>
      <itemStatus>1</itemStatus>
      <LastUpdateDate />
      <LastUpdateTime />
    </Product>
    <Product>
      <PriceUpdateDate>2016/05/26 13:58</PriceUpdateDate>
      <ItemCode>7290013358448</ItemCode>
      <ItemType>1</ItemType>
      <ItemName>קרוטונים לסלט 4דגנים 200גר</ItemName>
      <ManufactureName>ש.שסטוביץ בעמ</ManufactureName>
      <ManufactureCountry />
      <ManufactureItemDescription />
      <UnitQty>י"ח</UnitQty>
      <Quantity>200</Quantity>
      <UnitMeasure>ל  גרם</UnitMeasure>
      <BisWeighted>0</BisWeighted>
      <QtyInPackage>1</QtyInPackage>
      <ItemPrice>10.90</ItemPrice>
      <UnitOfMeasurePrice>5.45</UnitOfMeasurePrice>
      <AllowDiscount>0</AllowDiscount>
      <itemStatus>1</itemStatus>
      <LastUpdateDate />
      <LastUpdateTime />
    </Product>
    <Product>
      <PriceUpdateDate>2015/04/16 10:35</PriceUpdateDate>
      <ItemCode>7290013358493</ItemCode>
      <ItemType>1</ItemType>
      <ItemName>קרם קוקוס פחית  400מ"ל</ItemName>
      <ManufactureName>ש.שסטוביץ בעמ</ManufactureName>
      <ManufactureCountry />
      <ManufactureItemDescription />
      <UnitQty>י"ח</UnitQty>
      <Quantity>400</Quantity>
      <UnitMeasure>ל  מ"ל</UnitMeasure>
      <BisWeighted>0</BisWeighted>
      <QtyInPackage>1</QtyInPackage>
      <ItemPrice>8.90</ItemPrice>
      <UnitOfMeasurePrice>2.23</UnitOfMeasurePrice>
      <AllowDiscount>1</AllowDiscount>
      <itemStatus>1</itemStatus>
      <LastUpdateDate />
      <LastUpdateTime />
    </Product>
    <Product>
      <PriceUpdateDate>2014/06/12 14:22</PriceUpdateDate>
      <ItemCode>7290013358509</ItemCode>
      <ItemType>1</ItemType>
      <ItemName>מיקסלט 150ג מאסטר שף</ItemName>
      <ManufactureName>ש.שסטוביץ בעמ</ManufactureName>
      <ManufactureCountry />
      <ManufactureItemDescription />
      <UnitQty>י"ח</UnitQty>
      <Quantity>150</Quantity>
      <UnitMeasure>ל  גרם</UnitMeasure>
      <BisWeighted>0</BisWeighted>
      <QtyInPackage>1</QtyInPackage>
      <ItemPrice>14.90</ItemPrice>
      <UnitOfMeasurePrice>9.93</UnitOfMeasurePrice>
      <AllowDiscount>0</AllowDiscount>
      <itemStatus>1</itemStatus>
      <LastUpdateDate />
      <LastUpdateTime />
    </Product>
    <Product>
      <PriceUpdateDate>2014/06/12 14:23</PriceUpdateDate>
      <ItemCode>7290013358516</ItemCode>
      <ItemType>1</ItemType>
      <ItemName>מיקסלט 150ג מאסטר שף עם חמוציות</ItemName>
      <ManufactureName>ש.שסטוביץ בעמ</ManufactureName>
      <ManufactureCountry />
      <ManufactureItemDescription />
      <UnitQty>י"ח</UnitQty>
      <Quantity>150</Quantity>
      <UnitMeasure>ל  גרם</UnitMeasure>
      <BisWeighted>0</BisWeighted>
      <QtyInPackage>1</QtyInPackage>
      <ItemPrice>14.90</ItemPrice>
      <UnitOfMeasurePrice>9.93</UnitOfMeasurePrice>
      <AllowDiscount>0</AllowDiscount>
      <itemStatus>1</itemStatus>
      <LastUpdateDate />
      <LastUpdateTime />
    </Product>
    <Product>
      <PriceUpdateDate>2019/07/17 10:37</PriceUpdateDate>
      <ItemCode>7290013358530</ItemCode>
      <ItemType>1</ItemType>
      <ItemName>רוטב צ`ילי מתוק  700מ"ל מאסטר שף</ItemName>
      <ManufactureName>ש.שסטוביץ בעמ</ManufactureName>
      <ManufactureCountry />
      <ManufactureItemDescription />
      <UnitQty>י"ח</UnitQty>
      <Quantity>700</Quantity>
      <UnitMeasure>ל  מ"ל</UnitMeasure>
      <BisWeighted>0</BisWeighted>
      <QtyInPackage>1</QtyInPackage>
      <ItemPrice>11.90</ItemPrice>
      <UnitOfMeasurePrice>1.70</UnitOfMeasurePrice>
      <AllowDiscount>1</AllowDiscount>
      <itemStatus>1</itemStatus>
      <LastUpdateDate />
      <LastUpdateTime />
    </Product>
    <Product>
      <PriceUpdateDate>2019/07/17 10:37</PriceUpdateDate>
      <ItemCode>7290013358547</ItemCode>
      <ItemType>1</ItemType>
      <ItemName>רוטב צ`ילי חריף  700מ"ל</ItemName>
      <ManufactureName>ש.שסטוביץ בעמ</ManufactureName>
      <ManufactureCountry />
      <ManufactureItemDescription />
      <UnitQty>י"ח</UnitQty>
      <Quantity>700</Quantity>
      <UnitMeasure>ל  מ"ל</UnitMeasure>
      <BisWeighted>0</BisWeighted>
      <QtyInPackage>1</QtyInPackage>
      <ItemPrice>11.90</ItemPrice>
      <UnitOfMeasurePrice>1.70</UnitOfMeasurePrice>
      <AllowDiscount>1</AllowDiscount>
      <itemStatus>1</itemStatus>
      <LastUpdateDate />
      <LastUpdateTime />
    </Product>
    <Product>
      <PriceUpdateDate>2015/04/16 10:17</PriceUpdateDate>
      <ItemCode>7290013358578</ItemCode>
      <ItemType>1</ItemType>
      <ItemName>איטריות אורז רחבות 5ממ 400גר</ItemName>
      <ManufactureName>ש.שסטוביץ בעמ</ManufactureName>
      <ManufactureCountry />
      <ManufactureItemDescription />
      <UnitQty>י"ח</UnitQty>
      <Quantity>400</Quantity>
      <UnitMeasure>ל  גרם</UnitMeasure>
      <BisWeighted>0</BisWeighted>
      <QtyInPackage>1</QtyInPackage>
      <ItemPrice>8.90</ItemPrice>
      <UnitOfMeasurePrice>2.23</UnitOfMeasurePrice>
      <AllowDiscount>0</AllowDiscount>
      <itemStatus>1</itemStatus>
      <LastUpdateDate />
      <LastUpdateTime />
    </Product>
    <Product>
      <PriceUpdateDate>2018/12/10 08:51</PriceUpdateDate>
      <ItemCode>7290013358585</ItemCode>
      <ItemType>1</ItemType>
      <ItemName>נודלס ביצים להקפצה 400גר</ItemName>
      <ManufactureName>ש.שסטוביץ בעמ</ManufactureName>
      <ManufactureCountry />
      <ManufactureItemDescription />
      <UnitQty>י"ח</UnitQty>
      <Quantity>400</Quantity>
      <UnitMeasure>ל  גרם</UnitMeasure>
      <BisWeighted>0</BisWeighted>
      <QtyInPackage>1</QtyInPackage>
      <ItemPrice>9.90</ItemPrice>
      <UnitOfMeasurePrice>2.48</UnitOfMeasurePrice>
      <AllowDiscount>0</AllowDiscount>
      <itemStatus>1</itemStatus>
      <LastUpdateDate />
      <LastUpdateTime />
    </Product>
    <Product>
      <PriceUpdateDate>2013/12/16 09:59</PriceUpdateDate>
      <ItemCode>7290013358806</ItemCode>
      <ItemType>1</ItemType>
      <ItemName>מנה מאגדת פריכיות עם מלח 264ג.</ItemName>
      <ManufactureName>ש.שסטוביץ בעמ</ManufactureName>
      <ManufactureCountry />
      <ManufactureItemDescription />
      <UnitQty>י"ח</UnitQty>
      <Quantity>264</Quantity>
      <UnitMeasure>ל  גרם</UnitMeasure>
      <BisWeighted>0</BisWeighted>
      <QtyInPackage>1</QtyInPackage>
      <ItemPrice>12</ItemPrice>
      <UnitOfMeasurePrice>4.55</UnitOfMeasurePrice>
      <AllowDiscount>0</AllowDiscount>
      <itemStatus>1</itemStatus>
      <LastUpdateDate />
      <LastUpdateTime />
    </Product>
    <Product>
      <PriceUpdateDate>2017/08/20 14:41</PriceUpdateDate>
      <ItemCode>7290013381675</ItemCode>
      <ItemType>1</ItemType>
      <ItemName>סירופ מלבי 750מ"ל רוזטה</ItemName>
      <ManufactureName>נאמן לאורך זמן בעמ</ManufactureName>
      <ManufactureCountry />
      <ManufactureItemDescription />
      <UnitQty>י"ח</UnitQty>
      <Quantity>750</Quantity>
      <UnitMeasure>ל  מ"ל</UnitMeasure>
      <BisWeighted>0</BisWeighted>
      <QtyInPackage>1</QtyInPackage>
      <ItemPrice>15.90</ItemPrice>
      <UnitOfMeasurePrice>2.12</UnitOfMeasurePrice>
      <AllowDiscount>0</AllowDiscount>
      <itemStatus>1</itemStatus>
      <LastUpdateDate />
      <LastUpdateTime />
    </Product>
    <Product>
      <PriceUpdateDate>2016/01/04 18:53</PriceUpdateDate>
      <ItemCode>7290013381903</ItemCode>
      <ItemType>1</ItemType>
      <ItemName>טורטיות מקמח חיטה 6יח 420גר</ItemName>
      <ManufactureName>נאמן לאורך זמן בעמ</ManufactureName>
      <ManufactureCountry />
      <ManufactureItemDescription />
      <UnitQty>י"ח</UnitQty>
      <Quantity>1</Quantity>
      <UnitMeasure />
      <BisWeighted>0</BisWeighted>
      <QtyInPackage>1</QtyInPackage>
      <ItemPrice>11.90</ItemPrice>
      <UnitOfMeasurePrice>11.90</UnitOfMeasurePrice>
      <AllowDiscount>1</AllowDiscount>
      <itemStatus>1</itemStatus>
      <LastUpdateDate />
      <LastUpdateTime />
    </Product>
    <Product>
      <PriceUpdateDate>2020/02/27 09:49</PriceUpdateDate>
      <ItemCode>7290013381910</ItemCode>
      <ItemType>1</ItemType>
      <ItemName>טורטיה מחיטה מלאה 20ס"מ 8יח</ItemName>
      <ManufactureName>נאמן לאורך זמן בעמ</ManufactureName>
      <ManufactureCountry />
      <ManufactureItemDescription />
      <UnitQty>י"ח</UnitQty>
      <Quantity>320</Quantity>
      <UnitMeasure>ל  גרם</UnitMeasure>
      <BisWeighted>0</BisWeighted>
      <QtyInPackage>1</QtyInPackage>
      <ItemPrice>9.90</ItemPrice>
      <UnitOfMeasurePrice>3.09</UnitOfMeasurePrice>
      <AllowDiscount>0</AllowDiscount>
      <itemStatus>1</itemStatus>
      <LastUpdateDate />
      <LastUpdateTime />
    </Product>
    <Product>
      <PriceUpdateDate>2016/06/14 11:30</PriceUpdateDate>
      <ItemCode>7290013412966</ItemCode>
      <ItemType>1</ItemType>
      <ItemName>מגבונים  טולי מארז 4 יחידות</ItemName>
      <ManufactureName>שקד תבל בעמ</ManufactureName>
      <ManufactureCountry />
      <ManufactureItemDescription />
      <UnitQty>י"ח</UnitQty>
      <Quantity>4</Quantity>
      <UnitMeasure>י"ח</UnitMeasure>
      <BisWeighted>0</BisWeighted>
      <QtyInPackage>1</QtyInPackage>
      <ItemPrice>12.90</ItemPrice>
      <UnitOfMeasurePrice>3.23</UnitOfMeasurePrice>
      <AllowDiscount>1</AllowDiscount>
      <itemStatus>1</itemStatus>
      <LastUpdateDate />
      <LastUpdateTime />
    </Product>
    <Product>
      <PriceUpdateDate>2018/04/16 12:54</PriceUpdateDate>
      <ItemCode>7290013440648</ItemCode>
      <ItemType>1</ItemType>
      <ItemName>קרחונים 6יח שרבט פרווה טעם אבטיח</ItemName>
      <ManufactureName>נגה גלידות</ManufactureName>
      <ManufactureCountry />
      <ManufactureItemDescription />
      <UnitQty>י"ח</UnitQty>
      <Quantity>540</Quantity>
      <UnitMeasure>ל  גרם</UnitMeasure>
      <BisWeighted>0</BisWeighted>
      <QtyInPackage>1</QtyInPackage>
      <ItemPrice>23.90</ItemPrice>
      <UnitOfMeasurePrice>4.43</UnitOfMeasurePrice>
      <AllowDiscount>0</AllowDiscount>
      <itemStatus>1</itemStatus>
      <LastUpdateDate />
      <LastUpdateTime />
    </Product>
    <Product>
      <PriceUpdateDate>2016/07/27 11:08</PriceUpdateDate>
      <ItemCode>7290013451927</ItemCode>
      <ItemType>1</ItemType>
      <ItemName>פריכיות כוסמת ללא מלח 160ג</ItemName>
      <ManufactureName>זנבר טבע בעמ</ManufactureName>
      <ManufactureCountry />
      <ManufactureItemDescription />
      <UnitQty>י"ח</UnitQty>
      <Quantity>160</Quantity>
      <UnitMeasure>ל  גרם</UnitMeasure>
      <BisWeighted>0</BisWeighted>
      <QtyInPackage>1</QtyInPackage>
      <ItemPrice>9.90</ItemPrice>
      <UnitOfMeasurePrice>6.19</UnitOfMeasurePrice>
      <AllowDiscount>0</AllowDiscount>
      <itemStatus>1</itemStatus>
      <LastUpdateDate />
      <LastUpdateTime />
    </Product>
    <Product>
      <PriceUpdateDate>2016/05/19 10:50</PriceUpdateDate>
      <ItemCode>7290013472199</ItemCode>
      <ItemType>1</ItemType>
      <ItemName>ערמונים 100גרם</ItemName>
      <ManufactureName>ג.וילי פוד אינטרנשיונל בעמ</ManufactureName>
      <ManufactureCountry />
      <ManufactureItemDescription />
      <UnitQty>י"ח</UnitQty>
      <Quantity>100</Quantity>
      <UnitMeasure>ל  גרם</UnitMeasure>
      <BisWeighted>0</BisWeighted>
      <QtyInPackage>1</QtyInPackage>
      <ItemPrice>4.90</ItemPrice>
      <UnitOfMeasurePrice>4.90</UnitOfMeasurePrice>
      <AllowDiscount>0</AllowDiscount>
      <itemStatus>1</itemStatus>
      <LastUpdateDate />
      <LastUpdateTime />
    </Product>
    <Product>
      <PriceUpdateDate>2018/01/17 13:43</PriceUpdateDate>
      <ItemCode>7290013492005</ItemCode>
      <ItemType>1</ItemType>
      <ItemName>תפו"א למיקרו</ItemName>
      <ManufactureName>ביכורי הנגב מ.ד בעמ</ManufactureName>
      <ManufactureCountry />
      <ManufactureItemDescription />
      <UnitQty>י"ח</UnitQty>
      <Quantity>1</Quantity>
      <UnitMeasure />
      <BisWeighted>0</BisWeighted>
      <QtyInPackage>1</QtyInPackage>
      <ItemPrice>8.90</ItemPrice>
      <UnitOfMeasurePrice>8.90</UnitOfMeasurePrice>
      <AllowDiscount>1</AllowDiscount>
      <itemStatus>1</itemStatus>
      <LastUpdateDate />
      <LastUpdateTime />
    </Product>
    <Product>
      <PriceUpdateDate>2018/07/22 12:21</PriceUpdateDate>
      <ItemCode>7290013525543</ItemCode>
      <ItemType>1</ItemType>
      <ItemName>חומוס מזרחי 1ק"ג שמיר</ItemName>
      <ManufactureName>סלטי שמיר2006בעמ</ManufactureName>
      <ManufactureCountry />
      <ManufactureItemDescription />
      <UnitQty>י"ח</UnitQty>
      <Quantity>1</Quantity>
      <UnitMeasure>ק"ג</UnitMeasure>
      <BisWeighted>0</BisWeighted>
      <QtyInPackage>1</QtyInPackage>
      <ItemPrice>12.90</ItemPrice>
      <UnitOfMeasurePrice>12.90</UnitOfMeasurePrice>
      <AllowDiscount>0</AllowDiscount>
      <itemStatus>1</itemStatus>
      <LastUpdateDate />
      <LastUpdateTime />
    </Product>
    <Product>
      <PriceUpdateDate>2019/08/25 14:47</PriceUpdateDate>
      <ItemCode>7290013531117</ItemCode>
      <ItemType>1</ItemType>
      <ItemName>רוטב פסטה קיד  260ג בד"ץ</ItemName>
      <ManufactureName>זנלכל בעמ</ManufactureName>
      <ManufactureCountry />
      <ManufactureItemDescription />
      <UnitQty>י"ח</UnitQty>
      <Quantity>260</Quantity>
      <UnitMeasure>ל  גרם</UnitMeasure>
      <BisWeighted>0</BisWeighted>
      <QtyInPackage>1</QtyInPackage>
      <ItemPrice>3.80</ItemPrice>
      <UnitOfMeasurePrice>1.46</UnitOfMeasurePrice>
      <AllowDiscount>0</AllowDiscount>
      <itemStatus>1</itemStatus>
      <LastUpdateDate />
      <LastUpdateTime />
    </Product>
    <Product>
      <PriceUpdateDate>2019/08/25 14:47</PriceUpdateDate>
      <ItemCode>7290013531582</ItemCode>
      <ItemType>1</ItemType>
      <ItemName>שלישייה זיתים חרוזית יכין 3*200גר</ItemName>
      <ManufactureName>זנלכל בעמ</ManufactureName>
      <ManufactureCountry />
      <ManufactureItemDescription />
      <UnitQty>י"ח</UnitQty>
      <Quantity>600</Quantity>
      <UnitMeasure>ל  גרם</UnitMeasure>
      <BisWeighted>0</BisWeighted>
      <QtyInPackage>1</QtyInPackage>
      <ItemPrice>10.90</ItemPrice>
      <UnitOfMeasurePrice>1.82</UnitOfMeasurePrice>
      <AllowDiscount>0</AllowDiscount>
      <itemStatus>1</itemStatus>
      <LastUpdateDate />
      <LastUpdateTime />
    </Product>
    <Product>
      <PriceUpdateDate>2018/05/24 12:31</PriceUpdateDate>
      <ItemCode>7290013531759</ItemCode>
      <ItemType>1</ItemType>
      <ItemName>שעועית  אפויה במים</ItemName>
      <ManufactureName>זנלכל בעמ</ManufactureName>
      <ManufactureCountry />
      <ManufactureItemDescription />
      <UnitQty>י"ח</UnitQty>
      <Quantity>600</Quantity>
      <UnitMeasure>ל  גרם</UnitMeasure>
      <BisWeighted>0</BisWeighted>
      <QtyInPackage>1</QtyInPackage>
      <ItemPrice>5.90</ItemPrice>
      <UnitOfMeasurePrice>0.98</UnitOfMeasurePrice>
      <AllowDiscount>0</AllowDiscount>
      <itemStatus>1</itemStatus>
      <LastUpdateDate />
      <LastUpdateTime />
    </Product>
    <Product>
      <PriceUpdateDate>2019/08/08 09:41</PriceUpdateDate>
      <ItemCode>7290013531971</ItemCode>
      <ItemType>1</ItemType>
      <ItemName>זיתים ירוקים מגולענים שלשות יכין</ItemName>
      <ManufactureName>זנלכל בעמ</ManufactureName>
      <ManufactureCountry />
      <ManufactureItemDescription />
      <UnitQty>י"ח</UnitQty>
      <Quantity>1</Quantity>
      <UnitMeasure />
      <BisWeighted>0</BisWeighted>
      <QtyInPackage>1</QtyInPackage>
      <ItemPrice>11.90</ItemPrice>
      <UnitOfMeasurePrice>11.90</UnitOfMeasurePrice>
      <AllowDiscount>0</AllowDiscount>
      <itemStatus>1</itemStatus>
      <LastUpdateDate />
      <LastUpdateTime />
    </Product>
    <Product>
      <PriceUpdateDate>2016/06/21 08:01</PriceUpdateDate>
      <ItemCode>7290013534057</ItemCode>
      <ItemType>1</ItemType>
      <ItemName>צ`יפס בטטה טבעי 100גרם כשל"פ</ItemName>
      <ManufactureName>מיה תעשיות מזון מ.ת.מ בעמ</ManufactureName>
      <ManufactureCountry />
      <ManufactureItemDescription />
      <UnitQty>י"ח</UnitQty>
      <Quantity>100</Quantity>
      <UnitMeasure>ל  גרם</UnitMeasure>
      <BisWeighted>0</BisWeighted>
      <QtyInPackage>1</QtyInPackage>
      <ItemPrice>9.90</ItemPrice>
      <UnitOfMeasurePrice>9.90</UnitOfMeasurePrice>
      <AllowDiscount>0</AllowDiscount>
      <itemStatus>1</itemStatus>
      <LastUpdateDate />
      <LastUpdateTime />
    </Product>
    <Product>
      <PriceUpdateDate>2018/12/11 08:57</PriceUpdateDate>
      <ItemCode>7290013540874</ItemCode>
      <ItemType>1</ItemType>
      <ItemName>טונה בשמן קנולה 414 גרם פילטונה</ItemName>
      <ManufactureName>תעשיות פילטונה בעמ</ManufactureName>
      <ManufactureCountry />
      <ManufactureItemDescription />
      <UnitQty>י"ח</UnitQty>
      <Quantity>4.14</Quantity>
      <UnitMeasure>י"ח</UnitMeasure>
      <BisWeighted>0</BisWeighted>
      <QtyInPackage>1</QtyInPackage>
      <ItemPrice>13.90</ItemPrice>
      <UnitOfMeasurePrice>3.36</UnitOfMeasurePrice>
      <AllowDiscount>0</AllowDiscount>
      <itemStatus>1</itemStatus>
      <LastUpdateDate />
      <LastUpdateTime />
    </Product>
    <Product>
      <PriceUpdateDate>2020/02/19 08:59</PriceUpdateDate>
      <ItemCode>7290013579614</ItemCode>
      <ItemType>1</ItemType>
      <ItemName>מנות סלמון נורבגי 625 גרם</ItemName>
      <ManufactureName>בלדי בעמ</ManufactureName>
      <ManufactureCountry />
      <ManufactureItemDescription />
      <UnitQty>י"ח</UnitQty>
      <Quantity>625</Quantity>
      <UnitMeasure>ל  גרם</UnitMeasure>
      <BisWeighted>0</BisWeighted>
      <QtyInPackage>1</QtyInPackage>
      <ItemPrice>59.90</ItemPrice>
      <UnitOfMeasurePrice>9.58</UnitOfMeasurePrice>
      <AllowDiscount>0</AllowDiscount>
      <itemStatus>1</itemStatus>
      <LastUpdateDate />
      <LastUpdateTime />
    </Product>
    <Product>
      <PriceUpdateDate>2019/06/13 17:12</PriceUpdateDate>
      <ItemCode>7290013580009</ItemCode>
      <ItemType>1</ItemType>
      <ItemName>המבורגר זהב 400גרם ארוז</ItemName>
      <ManufactureName>בלדי בעמ</ManufactureName>
      <ManufactureCountry />
      <ManufactureItemDescription />
      <UnitQty>י"ח</UnitQty>
      <Quantity>400</Quantity>
      <UnitMeasure>ל  גרם</UnitMeasure>
      <BisWeighted>0</BisWeighted>
      <QtyInPackage>1</QtyInPackage>
      <ItemPrice>18.90</ItemPrice>
      <UnitOfMeasurePrice>4.73</UnitOfMeasurePrice>
      <AllowDiscount>1</AllowDiscount>
      <itemStatus>1</itemStatus>
      <LastUpdateDate />
      <LastUpdateTime />
    </Product>
    <Product>
      <PriceUpdateDate>2018/11/27 10:01</PriceUpdateDate>
      <ItemCode>7290013584816</ItemCode>
      <ItemType>1</ItemType>
      <ItemName>פריגת לימונענע 1.5 ל</ItemName>
      <ManufactureName>חברה המרכזית להפצת משקאות בעמ</ManufactureName>
      <ManufactureCountry />
      <ManufactureItemDescription />
      <UnitQty>י"ח</UnitQty>
      <Quantity>1.50</Quantity>
      <UnitMeasure>ליטר</UnitMeasure>
      <BisWeighted>0</BisWeighted>
      <QtyInPackage>1</QtyInPackage>
      <ItemPrice>6.90</ItemPrice>
      <UnitOfMeasurePrice>4.60</UnitOfMeasurePrice>
      <AllowDiscount>1</AllowDiscount>
      <itemStatus>1</itemStatus>
      <LastUpdateDate />
      <LastUpdateTime />
    </Product>
    <Product>
      <PriceUpdateDate>2018/11/27 10:01</PriceUpdateDate>
      <ItemCode>7290013585233</ItemCode>
      <ItemType>1</ItemType>
      <ItemName>פחית ספרייט ZERO  סליק 330מ"ל</ItemName>
      <ManufactureName>חברה המרכזית להפצת משקאות בעמ</ManufactureName>
      <ManufactureCountry />
      <ManufactureItemDescription />
      <UnitQty>י"ח</UnitQty>
      <Quantity>330</Quantity>
      <UnitMeasure>ל  מ"ל</UnitMeasure>
      <BisWeighted>0</BisWeighted>
      <QtyInPackage>1</QtyInPackage>
      <ItemPrice>4.20</ItemPrice>
      <UnitOfMeasurePrice>1.18</UnitOfMeasurePrice>
      <AllowDiscount>1</AllowDiscount>
      <itemStatus>1</itemStatus>
      <LastUpdateDate />
      <LastUpdateTime />
    </Product>
    <Product>
      <PriceUpdateDate>2018/11/27 10:01</PriceUpdateDate>
      <ItemCode>7290013585240</ItemCode>
      <ItemType>1</ItemType>
      <ItemName>ספרייט ZERO בק 1.5ליטר</ItemName>
      <ManufactureName>חברה המרכזית להפצת משקאות בעמ</ManufactureName>
      <ManufactureCountry />
      <ManufactureItemDescription />
      <UnitQty>י"ח</UnitQty>
      <Quantity>1.50</Quantity>
      <UnitMeasure>ליטר</UnitMeasure>
      <BisWeighted>0</BisWeighted>
      <QtyInPackage>1</QtyInPackage>
      <ItemPrice>7</ItemPrice>
      <UnitOfMeasurePrice>4.67</UnitOfMeasurePrice>
      <AllowDiscount>0</AllowDiscount>
      <itemStatus>1</itemStatus>
      <LastUpdateDate />
      <LastUpdateTime />
    </Product>
    <Product>
      <PriceUpdateDate>2018/11/27 10:01</PriceUpdateDate>
      <ItemCode>7290013585271</ItemCode>
      <ItemType>1</ItemType>
      <ItemName>ספרייט ZERO שישיות 1.5 ליטר</ItemName>
      <ManufactureName>חברה המרכזית להפצת משקאות בעמ</ManufactureName>
      <ManufactureCountry />
      <ManufactureItemDescription />
      <UnitQty>י"ח</UnitQty>
      <Quantity>9</Quantity>
      <UnitMeasure>ליטר</UnitMeasure>
      <BisWeighted>0</BisWeighted>
      <QtyInPackage>1</QtyInPackage>
      <ItemPrice>36.90</ItemPrice>
      <UnitOfMeasurePrice>4.10</UnitOfMeasurePrice>
      <AllowDiscount>0</AllowDiscount>
      <itemStatus>1</itemStatus>
      <LastUpdateDate />
      <LastUpdateTime />
    </Product>
    <Product>
      <PriceUpdateDate>2017/05/03 11:36</PriceUpdateDate>
      <ItemCode>7290013585349</ItemCode>
      <ItemType>1</ItemType>
      <ItemName>קרלסברג מארז שישייה (5+1)</ItemName>
      <ManufactureName>חברה המרכזית להפצת משקאות בעמ</ManufactureName>
      <ManufactureCountry />
      <ManufactureItemDescription />
      <UnitQty>י"ח</UnitQty>
      <Quantity>330</Quantity>
      <UnitMeasure>ל  מ"ל</UnitMeasure>
      <BisWeighted>0</BisWeighted>
      <QtyInPackage>1</QtyInPackage>
      <ItemPrice>35.70</ItemPrice>
      <UnitOfMeasurePrice>10.27</UnitOfMeasurePrice>
      <AllowDiscount>1</AllowDiscount>
      <itemStatus>1</itemStatus>
      <LastUpdateDate />
      <LastUpdateTime />
    </Product>
    <Product>
      <PriceUpdateDate>2015/05/05 17:22</PriceUpdateDate>
      <ItemCode>7290013585370</ItemCode>
      <ItemType>1</ItemType>
      <ItemName>קוקה קולה 2ליטר בודד</ItemName>
      <ManufactureName>חברה המרכזית להפצת משקאות בעמ</ManufactureName>
      <ManufactureCountry />
      <ManufactureItemDescription />
      <UnitQty>י"ח</UnitQty>
      <Quantity>2</Quantity>
      <UnitMeasure>ליטר</UnitMeasure>
      <BisWeighted>0</BisWeighted>
      <QtyInPackage>1</QtyInPackage>
      <ItemPrice>7.50</ItemPrice>
      <UnitOfMeasurePrice>3.75</UnitOfMeasurePrice>
      <AllowDiscount>0</AllowDiscount>
      <itemStatus>1</itemStatus>
      <LastUpdateDate />
      <LastUpdateTime />
    </Product>
    <Product>
      <PriceUpdateDate>2016/04/26 17:47</PriceUpdateDate>
      <ItemCode>7290013585387</ItemCode>
      <ItemType>1</ItemType>
      <ItemName>קוקה קולה 1ליטר ZERO</ItemName>
      <ManufactureName>חברה המרכזית להפצת משקאות בעמ</ManufactureName>
      <ManufactureCountry />
      <ManufactureItemDescription />
      <UnitQty>י"ח</UnitQty>
      <Quantity>1</Quantity>
      <UnitMeasure>ליטר</UnitMeasure>
      <BisWeighted>0</BisWeighted>
      <QtyInPackage>1</QtyInPackage>
      <ItemPrice>5.90</ItemPrice>
      <UnitOfMeasurePrice>5.90</UnitOfMeasurePrice>
      <AllowDiscount>0</AllowDiscount>
      <itemStatus>1</itemStatus>
      <LastUpdateDate />
      <LastUpdateTime />
    </Product>
    <Product>
      <PriceUpdateDate>2015/08/14 11:00</PriceUpdateDate>
      <ItemCode>7290013585479</ItemCode>
      <ItemType>1</ItemType>
      <ItemName>קוקה קולה זירו 2ליטר בודד</ItemName>
      <ManufactureName>חברה המרכזית להפצת משקאות בעמ</ManufactureName>
      <ManufactureCountry />
      <ManufactureItemDescription />
      <UnitQty>י"ח</UnitQty>
      <Quantity>2</Quantity>
      <UnitMeasure>ליטר</UnitMeasure>
      <BisWeighted>0</BisWeighted>
      <QtyInPackage>1</QtyInPackage>
      <ItemPrice>7.50</ItemPrice>
      <UnitOfMeasurePrice>3.75</UnitOfMeasurePrice>
      <AllowDiscount>0</AllowDiscount>
      <itemStatus>1</itemStatus>
      <LastUpdateDate />
      <LastUpdateTime />
    </Product>
    <Product>
      <PriceUpdateDate>2018/11/27 10:01</PriceUpdateDate>
      <ItemCode>7290013585509</ItemCode>
      <ItemType>1</ItemType>
      <ItemName>פריגת אפרסק  1.5 ל</ItemName>
      <ManufactureName>חברה המרכזית להפצת משקאות בעמ</ManufactureName>
      <ManufactureCountry />
      <ManufactureItemDescription />
      <UnitQty>י"ח</UnitQty>
      <Quantity>1.50</Quantity>
      <UnitMeasure>ליטר</UnitMeasure>
      <BisWeighted>0</BisWeighted>
      <QtyInPackage>1</QtyInPackage>
      <ItemPrice>6.90</ItemPrice>
      <UnitOfMeasurePrice>4.60</UnitOfMeasurePrice>
      <AllowDiscount>1</AllowDiscount>
      <itemStatus>1</itemStatus>
      <LastUpdateDate />
      <LastUpdateTime />
    </Product>
    <Product>
      <PriceUpdateDate>2016/11/27 12:15</PriceUpdateDate>
      <ItemCode>7290013585714</ItemCode>
      <ItemType>1</ItemType>
      <ItemName>בירה הולסטן חוזר 500מ"ל.</ItemName>
      <ManufactureName>חברה המרכזית להפצת משקאות בעמ</ManufactureName>
      <ManufactureCountry />
      <ManufactureItemDescription />
      <UnitQty>י"ח</UnitQty>
      <Quantity>500</Quantity>
      <UnitMeasure>ל  מ"ל</UnitMeasure>
      <BisWeighted>0</BisWeighted>
      <QtyInPackage>1</QtyInPackage>
      <ItemPrice>5.10</ItemPrice>
      <UnitOfMeasurePrice>0.78</UnitOfMeasurePrice>
      <AllowDiscount>0</AllowDiscount>
      <itemStatus>1</itemStatus>
      <LastUpdateDate />
      <LastUpdateTime />
    </Product>
    <Product>
      <PriceUpdateDate>2018/10/29 10:36</PriceUpdateDate>
      <ItemCode>7290013608260</ItemCode>
      <ItemType>1</ItemType>
      <ItemName>פרימור מיץ רימון  100% 1ליטר</ItemName>
      <ManufactureName>שטראוס גרופ ***בעמ</ManufactureName>
      <ManufactureCountry />
      <ManufactureItemDescription />
      <UnitQty>י"ח</UnitQty>
      <Quantity>1</Quantity>
      <UnitMeasure>ליטר</UnitMeasure>
      <BisWeighted>0</BisWeighted>
      <QtyInPackage>1</QtyInPackage>
      <ItemPrice>22.20</ItemPrice>
      <UnitOfMeasurePrice>22.20</UnitOfMeasurePrice>
      <AllowDiscount>1</AllowDiscount>
      <itemStatus>1</itemStatus>
      <LastUpdateDate />
      <LastUpdateTime />
    </Product>
    <Product>
      <PriceUpdateDate>2018/12/30 11:06</PriceUpdateDate>
      <ItemCode>7290013608451</ItemCode>
      <ItemType>1</ItemType>
      <ItemName>פרימור ענבים  1.5ליטר</ItemName>
      <ManufactureName>גניר 1992 בעמ</ManufactureName>
      <ManufactureCountry />
      <ManufactureItemDescription />
      <UnitQty>י"ח</UnitQty>
      <Quantity>1.50</Quantity>
      <UnitMeasure>ליטר</UnitMeasure>
      <BisWeighted>0</BisWeighted>
      <QtyInPackage>1</QtyInPackage>
      <ItemPrice>6.20</ItemPrice>
      <UnitOfMeasurePrice>3.93</UnitOfMeasurePrice>
      <AllowDiscount>1</AllowDiscount>
      <itemStatus>1</itemStatus>
      <LastUpdateDate />
      <LastUpdateTime />
    </Product>
    <Product>
      <PriceUpdateDate>2018/12/30 11:06</PriceUpdateDate>
      <ItemCode>7290013608475</ItemCode>
      <ItemType>1</ItemType>
      <ItemName>פרימור לימונים 1.5ליטר</ItemName>
      <ManufactureName>דנשר (1963) בעמ</ManufactureName>
      <ManufactureCountry />
      <ManufactureItemDescription />
      <UnitQty>י"ח</UnitQty>
      <Quantity>1.50</Quantity>
      <UnitMeasure>ליטר</UnitMeasure>
      <BisWeighted>0</BisWeighted>
      <QtyInPackage>1</QtyInPackage>
      <ItemPrice>6.20</ItemPrice>
      <UnitOfMeasurePrice>3.93</UnitOfMeasurePrice>
      <AllowDiscount>1</AllowDiscount>
      <itemStatus>1</itemStatus>
      <LastUpdateDate />
      <LastUpdateTime />
    </Product>
    <Product>
      <PriceUpdateDate>2018/12/30 11:06</PriceUpdateDate>
      <ItemCode>7290013608567</ItemCode>
      <ItemType>1</ItemType>
      <ItemName>פרימור מנגו  1.5ליטר</ItemName>
      <ManufactureName>דנשר (1963) בעמ</ManufactureName>
      <ManufactureCountry />
      <ManufactureItemDescription />
      <UnitQty>י"ח</UnitQty>
      <Quantity>1.50</Quantity>
      <UnitMeasure>ליטר</UnitMeasure>
      <BisWeighted>0</BisWeighted>
      <QtyInPackage>1</QtyInPackage>
      <ItemPrice>5.90</ItemPrice>
      <UnitOfMeasurePrice>3.93</UnitOfMeasurePrice>
      <AllowDiscount>1</AllowDiscount>
      <itemStatus>1</itemStatus>
      <LastUpdateDate />
      <LastUpdateTime />
    </Product>
    <Product>
      <PriceUpdateDate>2016/05/31 15:00</PriceUpdateDate>
      <ItemCode>7290013645364</ItemCode>
      <ItemType>1</ItemType>
      <ItemName>עוגיות מזרחיות  ללא גלוטן 200גר GFREE</ItemName>
      <ManufactureName>גורי מוצרי צריכה בעמ</ManufactureName>
      <ManufactureCountry />
      <ManufactureItemDescription />
      <UnitQty>100 ס"מ</UnitQty>
      <Quantity>200</Quantity>
      <UnitMeasure>ל  גרם</UnitMeasure>
      <BisWeighted>0</BisWeighted>
      <QtyInPackage>1</QtyInPackage>
      <ItemPrice>17.90</ItemPrice>
      <UnitOfMeasurePrice>8.95</UnitOfMeasurePrice>
      <AllowDiscount>0</AllowDiscount>
      <itemStatus>1</itemStatus>
      <LastUpdateDate />
      <LastUpdateTime />
    </Product>
    <Product>
      <PriceUpdateDate>2014/05/04 17:16</PriceUpdateDate>
      <ItemCode>7290013652157</ItemCode>
      <ItemType>1</ItemType>
      <ItemName>מגבונים להסרת איפור 30יח</ItemName>
      <ManufactureName>פישר תעשיות פרמבצטיות בעמ</ManufactureName>
      <ManufactureCountry />
      <ManufactureItemDescription />
      <UnitQty>י"ח</UnitQty>
      <Quantity>1</Quantity>
      <UnitMeasure />
      <BisWeighted>0</BisWeighted>
      <QtyInPackage>1</QtyInPackage>
      <ItemPrice>24.90</ItemPrice>
      <UnitOfMeasurePrice>24.90</UnitOfMeasurePrice>
      <AllowDiscount>0</AllowDiscount>
      <itemStatus>1</itemStatus>
      <LastUpdateDate />
      <LastUpdateTime />
    </Product>
    <Product>
      <PriceUpdateDate>2018/11/29 16:14</PriceUpdateDate>
      <ItemCode>7290013675545</ItemCode>
      <ItemType>1</ItemType>
      <ItemName>שניצל כלי תחבורה מאמא עוף 700ג</ItemName>
      <ManufactureName>תנובה בשר</ManufactureName>
      <ManufactureCountry />
      <ManufactureItemDescription />
      <UnitQty>י"ח</UnitQty>
      <Quantity>650</Quantity>
      <UnitMeasure>ל  גרם</UnitMeasure>
      <BisWeighted>0</BisWeighted>
      <QtyInPackage>1</QtyInPackage>
      <ItemPrice>36.90</ItemPrice>
      <UnitOfMeasurePrice>5.68</UnitOfMeasurePrice>
      <AllowDiscount>0</AllowDiscount>
      <itemStatus>1</itemStatus>
      <LastUpdateDate />
      <LastUpdateTime />
    </Product>
    <Product>
      <PriceUpdateDate>2020/02/17 09:10</PriceUpdateDate>
      <ItemCode>7290013675828</ItemCode>
      <ItemType>1</ItemType>
      <ItemName>חגיגה אסייתית   סנפרוסט 450ג</ItemName>
      <ManufactureName>תנובה בשר</ManufactureName>
      <ManufactureCountry />
      <ManufactureItemDescription />
      <UnitQty>י"ח</UnitQty>
      <Quantity>450</Quantity>
      <UnitMeasure>ל  גרם</UnitMeasure>
      <BisWeighted>0</BisWeighted>
      <QtyInPackage>1</QtyInPackage>
      <ItemPrice>20.90</ItemPrice>
      <UnitOfMeasurePrice>4.64</UnitOfMeasurePrice>
      <AllowDiscount>1</AllowDiscount>
      <itemStatus>1</itemStatus>
      <LastUpdateDate />
      <LastUpdateTime />
    </Product>
    <Product>
      <PriceUpdateDate>2020/02/17 09:10</PriceUpdateDate>
      <ItemCode>7290013675835</ItemCode>
      <ItemType>1</ItemType>
      <ItemName>ירוק גלילי להקפצה   סנפרוסט 450ג</ItemName>
      <ManufactureName>תנובה בשר</ManufactureName>
      <ManufactureCountry />
      <ManufactureItemDescription />
      <UnitQty>י"ח</UnitQty>
      <Quantity>450</Quantity>
      <UnitMeasure>ל  גרם</UnitMeasure>
      <BisWeighted>0</BisWeighted>
      <QtyInPackage>1</QtyInPackage>
      <ItemPrice>20.90</ItemPrice>
      <UnitOfMeasurePrice>4.64</UnitOfMeasurePrice>
      <AllowDiscount>1</AllowDiscount>
      <itemStatus>1</itemStatus>
      <LastUpdateDate />
      <LastUpdateTime />
    </Product>
    <Product>
      <PriceUpdateDate>2013/06/04 16:56</PriceUpdateDate>
      <ItemCode>7290013677259</ItemCode>
      <ItemType>1</ItemType>
      <ItemName>זעתר 50 גר`שקית</ItemName>
      <ManufactureName>מיה תעשיות מזון מ.ת.מ בעמ</ManufactureName>
      <ManufactureCountry />
      <ManufactureItemDescription />
      <UnitQty>י"ח</UnitQty>
      <Quantity>50</Quantity>
      <UnitMeasure>ל  גרם</UnitMeasure>
      <BisWeighted>0</BisWeighted>
      <QtyInPackage>1</QtyInPackage>
      <ItemPrice>5.50</ItemPrice>
      <UnitOfMeasurePrice>11</UnitOfMeasurePrice>
      <AllowDiscount>0</AllowDiscount>
      <itemStatus>1</itemStatus>
      <LastUpdateDate />
      <LastUpdateTime />
    </Product>
    <Product>
      <PriceUpdateDate>2013/06/04 16:56</PriceUpdateDate>
      <ItemCode>7290013677303</ItemCode>
      <ItemType>1</ItemType>
      <ItemName>חוויג תימני 50 גר`שקית</ItemName>
      <ManufactureName>מיה תעשיות מזון מ.ת.מ בעמ</ManufactureName>
      <ManufactureCountry />
      <ManufactureItemDescription />
      <UnitQty>י"ח</UnitQty>
      <Quantity>50</Quantity>
      <UnitMeasure>ל  גרם</UnitMeasure>
      <BisWeighted>0</BisWeighted>
      <QtyInPackage>1</QtyInPackage>
      <ItemPrice>5.50</ItemPrice>
      <UnitOfMeasurePrice>11</UnitOfMeasurePrice>
      <AllowDiscount>0</AllowDiscount>
      <itemStatus>1</itemStatus>
      <LastUpdateDate />
      <LastUpdateTime />
    </Product>
    <Product>
      <PriceUpdateDate>2013/06/04 16:56</PriceUpdateDate>
      <ItemCode>7290013677327</ItemCode>
      <ItemType>1</ItemType>
      <ItemName>אבקת קארי 80 גר`שקית</ItemName>
      <ManufactureName>מיה תעשיות מזון מ.ת.מ בעמ</ManufactureName>
      <ManufactureCountry />
      <ManufactureItemDescription />
      <UnitQty>י"ח</UnitQty>
      <Quantity>80</Quantity>
      <UnitMeasure>ל  גרם</UnitMeasure>
      <BisWeighted>0</BisWeighted>
      <QtyInPackage>1</QtyInPackage>
      <ItemPrice>5.50</ItemPrice>
      <UnitOfMeasurePrice>6.88</UnitOfMeasurePrice>
      <AllowDiscount>0</AllowDiscount>
      <itemStatus>1</itemStatus>
      <LastUpdateDate />
      <LastUpdateTime />
    </Product>
    <Product>
      <PriceUpdateDate>2013/12/12 11:59</PriceUpdateDate>
      <ItemCode>7290013677679</ItemCode>
      <ItemType>1</ItemType>
      <ItemName>סודה לשתיה 80גרם שקית</ItemName>
      <ManufactureName>מיה תעשיות מזון מ.ת.מ בעמ</ManufactureName>
      <ManufactureCountry />
      <ManufactureItemDescription />
      <UnitQty>י"ח</UnitQty>
      <Quantity>80</Quantity>
      <UnitMeasure>ל  גרם</UnitMeasure>
      <BisWeighted>0</BisWeighted>
      <QtyInPackage>1</QtyInPackage>
      <ItemPrice>4.70</ItemPrice>
      <UnitOfMeasurePrice>5.88</UnitOfMeasurePrice>
      <AllowDiscount>0</AllowDiscount>
      <itemStatus>1</itemStatus>
      <LastUpdateDate />
      <LastUpdateTime />
    </Product>
    <Product>
      <PriceUpdateDate>2013/12/11 16:30</PriceUpdateDate>
      <ItemCode>7290013677686</ItemCode>
      <ItemType>1</ItemType>
      <ItemName>פפריקה מרוקאית בשקית 80 ג`</ItemName>
      <ManufactureName>מיה תעשיות מזון מ.ת.מ בעמ</ManufactureName>
      <ManufactureCountry />
      <ManufactureItemDescription />
      <UnitQty>י"ח</UnitQty>
      <Quantity>1</Quantity>
      <UnitMeasure />
      <BisWeighted>0</BisWeighted>
      <QtyInPackage>1</QtyInPackage>
      <ItemPrice>5.30</ItemPrice>
      <UnitOfMeasurePrice>5.30</UnitOfMeasurePrice>
      <AllowDiscount>0</AllowDiscount>
      <itemStatus>1</itemStatus>
      <LastUpdateDate />
      <LastUpdateTime />
    </Product>
    <Product>
      <PriceUpdateDate>2013/12/11 16:28</PriceUpdateDate>
      <ItemCode>7290013677839</ItemCode>
      <ItemType>1</ItemType>
      <ItemName>בורגול 1 ק"ג</ItemName>
      <ManufactureName>מיה תעשיות מזון מ.ת.מ בעמ</ManufactureName>
      <ManufactureCountry />
      <ManufactureItemDescription />
      <UnitQty>י"ח</UnitQty>
      <Quantity>1</Quantity>
      <UnitMeasure>ק"ג</UnitMeasure>
      <BisWeighted>0</BisWeighted>
      <QtyInPackage>1</QtyInPackage>
      <ItemPrice>9.70</ItemPrice>
      <UnitOfMeasurePrice>9.70</UnitOfMeasurePrice>
      <AllowDiscount>0</AllowDiscount>
      <itemStatus>1</itemStatus>
      <LastUpdateDate />
      <LastUpdateTime />
    </Product>
    <Product>
      <PriceUpdateDate>2013/12/12 13:30</PriceUpdateDate>
      <ItemCode>7290013677846</ItemCode>
      <ItemType>1</ItemType>
      <ItemName>כוסמת 1 ק"ג</ItemName>
      <ManufactureName>מיה תעשיות מזון מ.ת.מ בעמ</ManufactureName>
      <ManufactureCountry />
      <ManufactureItemDescription />
      <UnitQty>י"ח</UnitQty>
      <Quantity>1</Quantity>
      <UnitMeasure>ק"ג</UnitMeasure>
      <BisWeighted>0</BisWeighted>
      <QtyInPackage>1</QtyInPackage>
      <ItemPrice>14.30</ItemPrice>
      <UnitOfMeasurePrice>14.30</UnitOfMeasurePrice>
      <AllowDiscount>0</AllowDiscount>
      <itemStatus>1</itemStatus>
      <LastUpdateDate />
      <LastUpdateTime />
    </Product>
    <Product>
      <PriceUpdateDate>2018/11/08 17:47</PriceUpdateDate>
      <ItemCode>7290013702005</ItemCode>
      <ItemType>1</ItemType>
      <ItemName>שוופס WATER פירות יער 1.5 ליטר</ItemName>
      <ManufactureName>יפאורה שותפות מוגבלת לשיווק</ManufactureName>
      <ManufactureCountry />
      <ManufactureItemDescription />
      <UnitQty>י"ח</UnitQty>
      <Quantity>1.50</Quantity>
      <UnitMeasure>ליטר</UnitMeasure>
      <BisWeighted>0</BisWeighted>
      <QtyInPackage>1</QtyInPackage>
      <ItemPrice>6.20</ItemPrice>
      <UnitOfMeasurePrice>4.13</UnitOfMeasurePrice>
      <AllowDiscount>1</AllowDiscount>
      <itemStatus>1</itemStatus>
      <LastUpdateDate />
      <LastUpdateTime />
    </Product>
    <Product>
      <PriceUpdateDate>2018/11/08 17:47</PriceUpdateDate>
      <ItemCode>7290013702029</ItemCode>
      <ItemType>1</ItemType>
      <ItemName>שוופס WATER אפרסק 1.5 ליטר</ItemName>
      <ManufactureName>יפאורה שותפות מוגבלת לשיווק</ManufactureName>
      <ManufactureCountry />
      <ManufactureItemDescription />
      <UnitQty>י"ח</UnitQty>
      <Quantity>1.50</Quantity>
      <UnitMeasure>ליטר</UnitMeasure>
      <BisWeighted>0</BisWeighted>
      <QtyInPackage>1</QtyInPackage>
      <ItemPrice>6.20</ItemPrice>
      <UnitOfMeasurePrice>4.13</UnitOfMeasurePrice>
      <AllowDiscount>1</AllowDiscount>
      <itemStatus>1</itemStatus>
      <LastUpdateDate />
      <LastUpdateTime />
    </Product>
    <Product>
      <PriceUpdateDate>2018/11/08 17:47</PriceUpdateDate>
      <ItemCode>7290013702043</ItemCode>
      <ItemType>1</ItemType>
      <ItemName>שוופס WATER ענבים 1.5 ליטר</ItemName>
      <ManufactureName>יפאורה שותפות מוגבלת לשיווק</ManufactureName>
      <ManufactureCountry />
      <ManufactureItemDescription />
      <UnitQty>י"ח</UnitQty>
      <Quantity>1.50</Quantity>
      <UnitMeasure>ליטר</UnitMeasure>
      <BisWeighted>0</BisWeighted>
      <QtyInPackage>1</QtyInPackage>
      <ItemPrice>6.20</ItemPrice>
      <UnitOfMeasurePrice>4.13</UnitOfMeasurePrice>
      <AllowDiscount>1</AllowDiscount>
      <itemStatus>1</itemStatus>
      <LastUpdateDate />
      <LastUpdateTime />
    </Product>
    <Product>
      <PriceUpdateDate>2019/11/25 08:47</PriceUpdateDate>
      <ItemCode>7290013702050</ItemCode>
      <ItemType>1</ItemType>
      <ItemName>שוופס ווטר ענבים 0.5ל</ItemName>
      <ManufactureName>יפאורה שותפות מוגבלת לשיווק</ManufactureName>
      <ManufactureCountry />
      <ManufactureItemDescription />
      <UnitQty>י"ח</UnitQty>
      <Quantity>500</Quantity>
      <UnitMeasure>ל  מ"ל</UnitMeasure>
      <BisWeighted>0</BisWeighted>
      <QtyInPackage>1</QtyInPackage>
      <ItemPrice>4.20</ItemPrice>
      <UnitOfMeasurePrice>0.78</UnitOfMeasurePrice>
      <AllowDiscount>1</AllowDiscount>
      <itemStatus>1</itemStatus>
      <LastUpdateDate />
      <LastUpdateTime />
    </Product>
    <Product>
      <PriceUpdateDate>2018/11/08 17:47</PriceUpdateDate>
      <ItemCode>7290013702371</ItemCode>
      <ItemType>1</ItemType>
      <ItemName>שוופס WATER תפוח 1.5 ליטר</ItemName>
      <ManufactureName>יפאורה שותפות מוגבלת לשיווק</ManufactureName>
      <ManufactureCountry />
      <ManufactureItemDescription />
      <UnitQty>י"ח</UnitQty>
      <Quantity>1.50</Quantity>
      <UnitMeasure>ליטר</UnitMeasure>
      <BisWeighted>0</BisWeighted>
      <QtyInPackage>1</QtyInPackage>
      <ItemPrice>6.20</ItemPrice>
      <UnitOfMeasurePrice>4.13</UnitOfMeasurePrice>
      <AllowDiscount>1</AllowDiscount>
      <itemStatus>1</itemStatus>
      <LastUpdateDate />
      <LastUpdateTime />
    </Product>
    <Product>
      <PriceUpdateDate>2019/11/25 08:47</PriceUpdateDate>
      <ItemCode>7290013702388</ItemCode>
      <ItemType>1</ItemType>
      <ItemName>שוופס 500מ"ל טעם תפוח</ItemName>
      <ManufactureName>יפאורה שותפות מוגבלת לשיווק</ManufactureName>
      <ManufactureCountry />
      <ManufactureItemDescription />
      <UnitQty>י"ח</UnitQty>
      <Quantity>500</Quantity>
      <UnitMeasure>ל  מ"ל</UnitMeasure>
      <BisWeighted>0</BisWeighted>
      <QtyInPackage>1</QtyInPackage>
      <ItemPrice>4.20</ItemPrice>
      <UnitOfMeasurePrice>0.78</UnitOfMeasurePrice>
      <AllowDiscount>1</AllowDiscount>
      <itemStatus>1</itemStatus>
      <LastUpdateDate />
      <LastUpdateTime />
    </Product>
    <Product>
      <PriceUpdateDate>2019/11/17 11:58</PriceUpdateDate>
      <ItemCode>7290013702555</ItemCode>
      <ItemType>1</ItemType>
      <ItemName>שוופס מוגז עדין אננס</ItemName>
      <ManufactureName>יפאורה שותפות מוגבלת לשיווק</ManufactureName>
      <ManufactureCountry />
      <ManufactureItemDescription />
      <UnitQty>י"ח</UnitQty>
      <Quantity>1.50</Quantity>
      <UnitMeasure>ליטר</UnitMeasure>
      <BisWeighted>0</BisWeighted>
      <QtyInPackage>1</QtyInPackage>
      <ItemPrice>6.70</ItemPrice>
      <UnitOfMeasurePrice>4.47</UnitOfMeasurePrice>
      <AllowDiscount>1</AllowDiscount>
      <itemStatus>1</itemStatus>
      <LastUpdateDate />
      <LastUpdateTime />
    </Product>
    <Product>
      <PriceUpdateDate>2015/05/26 19:51</PriceUpdateDate>
      <ItemCode>7290013724632</ItemCode>
      <ItemType>1</ItemType>
      <ItemName>קשיו טבעי 200 גרם המותג</ItemName>
      <ManufactureName>דין שיווק וקליהבעמ</ManufactureName>
      <ManufactureCountry />
      <ManufactureItemDescription />
      <UnitQty>י"ח</UnitQty>
      <Quantity>200</Quantity>
      <UnitMeasure>ל  גרם</UnitMeasure>
      <BisWeighted>0</BisWeighted>
      <QtyInPackage>1</QtyInPackage>
      <ItemPrice>20.40</ItemPrice>
      <UnitOfMeasurePrice>10.20</UnitOfMeasurePrice>
      <AllowDiscount>0</AllowDiscount>
      <itemStatus>1</itemStatus>
      <LastUpdateDate />
      <LastUpdateTime />
    </Product>
    <Product>
      <PriceUpdateDate>2017/12/27 14:24</PriceUpdateDate>
      <ItemCode>7290013724946</ItemCode>
      <ItemType>1</ItemType>
      <ItemName>שקדים בשוקולד מריר בקופסא 160 גרם</ItemName>
      <ManufactureName>דין שיווק וקליהבעמ</ManufactureName>
      <ManufactureCountry />
      <ManufactureItemDescription />
      <UnitQty>י"ח</UnitQty>
      <Quantity>160</Quantity>
      <UnitMeasure>ל  גרם</UnitMeasure>
      <BisWeighted>0</BisWeighted>
      <QtyInPackage>1</QtyInPackage>
      <ItemPrice>12.90</ItemPrice>
      <UnitOfMeasurePrice>8.06</UnitOfMeasurePrice>
      <AllowDiscount>0</AllowDiscount>
      <itemStatus>1</itemStatus>
      <LastUpdateDate />
      <LastUpdateTime />
    </Product>
    <Product>
      <PriceUpdateDate>2017/05/28 11:28</PriceUpdateDate>
      <ItemCode>7290013843968</ItemCode>
      <ItemType>1</ItemType>
      <ItemName>כוסות חד פעמי שתיה חמה</ItemName>
      <ManufactureName>ח.כהן סוכנות מזון ומשקאות בע</ManufactureName>
      <ManufactureCountry />
      <ManufactureItemDescription />
      <UnitQty>י"ח</UnitQty>
      <Quantity>1</Quantity>
      <UnitMeasure>י"ח</UnitMeasure>
      <BisWeighted>0</BisWeighted>
      <QtyInPackage>1</QtyInPackage>
      <ItemPrice>6.90</ItemPrice>
      <UnitOfMeasurePrice>6.90</UnitOfMeasurePrice>
      <AllowDiscount>1</AllowDiscount>
      <itemStatus>1</itemStatus>
      <LastUpdateDate />
      <LastUpdateTime />
    </Product>
    <Product>
      <PriceUpdateDate>2018/11/19 09:59</PriceUpdateDate>
      <ItemCode>7290013847645</ItemCode>
      <ItemType>1</ItemType>
      <ItemName>סטארקיסט טונה 80גר בשמן זית שלישייה</ItemName>
      <ManufactureName>דיפלומט בעמ</ManufactureName>
      <ManufactureCountry />
      <ManufactureItemDescription />
      <UnitQty>י"ח</UnitQty>
      <Quantity>240</Quantity>
      <UnitMeasure>ל  גרם</UnitMeasure>
      <BisWeighted>0</BisWeighted>
      <QtyInPackage>1</QtyInPackage>
      <ItemPrice>19.90</ItemPrice>
      <UnitOfMeasurePrice>8.29</UnitOfMeasurePrice>
      <AllowDiscount>0</AllowDiscount>
      <itemStatus>1</itemStatus>
      <LastUpdateDate />
      <LastUpdateTime />
    </Product>
    <Product>
      <PriceUpdateDate>2018/12/09 15:01</PriceUpdateDate>
      <ItemCode>7290013848581</ItemCode>
      <ItemType>1</ItemType>
      <ItemName>מגבת נייר סנו גליל ענק</ItemName>
      <ManufactureName>החב הדרומית לשיווק</ManufactureName>
      <ManufactureCountry />
      <ManufactureItemDescription />
      <UnitQty>י"ח</UnitQty>
      <Quantity>1</Quantity>
      <UnitMeasure>י"ח</UnitMeasure>
      <BisWeighted>0</BisWeighted>
      <QtyInPackage>1</QtyInPackage>
      <ItemPrice>10.90</ItemPrice>
      <UnitOfMeasurePrice>10.90</UnitOfMeasurePrice>
      <AllowDiscount>0</AllowDiscount>
      <itemStatus>1</itemStatus>
      <LastUpdateDate />
      <LastUpdateTime />
    </Product>
    <Product>
      <PriceUpdateDate>2019/12/04 14:54</PriceUpdateDate>
      <ItemCode>7290013848611</ItemCode>
      <ItemType>1</ItemType>
      <ItemName>רדיד אלומיניום 61 מטר</ItemName>
      <ManufactureName>החב הדרומית לשיווק</ManufactureName>
      <ManufactureCountry />
      <ManufactureItemDescription />
      <UnitQty>י"ח</UnitQty>
      <Quantity>1</Quantity>
      <UnitMeasure />
      <BisWeighted>0</BisWeighted>
      <QtyInPackage>1</QtyInPackage>
      <ItemPrice>39.90</ItemPrice>
      <UnitOfMeasurePrice>39.90</UnitOfMeasurePrice>
      <AllowDiscount>1</AllowDiscount>
      <itemStatus>1</itemStatus>
      <LastUpdateDate />
      <LastUpdateTime />
    </Product>
    <Product>
      <PriceUpdateDate>2020/02/23 11:13</PriceUpdateDate>
      <ItemCode>7290013848734</ItemCode>
      <ItemType>1</ItemType>
      <ItemName>סנופרש מכשיר אוטומטי לבישום אוויר</ItemName>
      <ManufactureName>החב הדרומית לשיווק</ManufactureName>
      <ManufactureCountry />
      <ManufactureItemDescription />
      <UnitQty>י"ח</UnitQty>
      <Quantity>350</Quantity>
      <UnitMeasure>ל  מ"ל</UnitMeasure>
      <BisWeighted>0</BisWeighted>
      <QtyInPackage>1</QtyInPackage>
      <ItemPrice>46.90</ItemPrice>
      <UnitOfMeasurePrice>13.40</UnitOfMeasurePrice>
      <AllowDiscount>1</AllowDiscount>
      <itemStatus>1</itemStatus>
      <LastUpdateDate />
      <LastUpdateTime />
    </Product>
    <Product>
      <PriceUpdateDate>2019/12/19 08:49</PriceUpdateDate>
      <ItemCode>7290013848758</ItemCode>
      <ItemType>1</ItemType>
      <ItemName>ג`ל כביסה בייבי 3ליטר</ItemName>
      <ManufactureName>החב הדרומית לשיווק</ManufactureName>
      <ManufactureCountry />
      <ManufactureItemDescription />
      <UnitQty>י"ח</UnitQty>
      <Quantity>3</Quantity>
      <UnitMeasure>ליטר</UnitMeasure>
      <BisWeighted>0</BisWeighted>
      <QtyInPackage>1</QtyInPackage>
      <ItemPrice>29.90</ItemPrice>
      <UnitOfMeasurePrice>9.97</UnitOfMeasurePrice>
      <AllowDiscount>1</AllowDiscount>
      <itemStatus>1</itemStatus>
      <LastUpdateDate />
      <LastUpdateTime />
    </Product>
    <Product>
      <PriceUpdateDate>2015/06/08 17:42</PriceUpdateDate>
      <ItemCode>7290013861375</ItemCode>
      <ItemType>1</ItemType>
      <ItemName>בוטנים קלויים 400 המותג</ItemName>
      <ManufactureName>דין שיווק וקליהבעמ</ManufactureName>
      <ManufactureCountry />
      <ManufactureItemDescription />
      <UnitQty>י"ח</UnitQty>
      <Quantity>400</Quantity>
      <UnitMeasure>ל  גרם</UnitMeasure>
      <BisWeighted>0</BisWeighted>
      <QtyInPackage>1</QtyInPackage>
      <ItemPrice>12.90</ItemPrice>
      <UnitOfMeasurePrice>3.23</UnitOfMeasurePrice>
      <AllowDiscount>0</AllowDiscount>
      <itemStatus>1</itemStatus>
      <LastUpdateDate />
      <LastUpdateTime />
    </Product>
    <Product>
      <PriceUpdateDate>2017/12/27 14:26</PriceUpdateDate>
      <ItemCode>7290013861429</ItemCode>
      <ItemType>1</ItemType>
      <ItemName>מתוקים של ששון שומשום 250ג</ItemName>
      <ManufactureName>דין שיווק וקליהבעמ</ManufactureName>
      <ManufactureCountry />
      <ManufactureItemDescription />
      <UnitQty>י"ח</UnitQty>
      <Quantity>250</Quantity>
      <UnitMeasure>ל  גרם</UnitMeasure>
      <BisWeighted>0</BisWeighted>
      <QtyInPackage>1</QtyInPackage>
      <ItemPrice>12.90</ItemPrice>
      <UnitOfMeasurePrice>5.16</UnitOfMeasurePrice>
      <AllowDiscount>0</AllowDiscount>
      <itemStatus>1</itemStatus>
      <LastUpdateDate />
      <LastUpdateTime />
    </Product>
    <Product>
      <PriceUpdateDate>2017/12/27 14:27</PriceUpdateDate>
      <ItemCode>7290013861443</ItemCode>
      <ItemType>1</ItemType>
      <ItemName>מתוקים של ששון בוטנים 250ג</ItemName>
      <ManufactureName>דין שיווק וקליהבעמ</ManufactureName>
      <ManufactureCountry />
      <ManufactureItemDescription />
      <UnitQty>י"ח</UnitQty>
      <Quantity>250</Quantity>
      <UnitMeasure>ל  גרם</UnitMeasure>
      <BisWeighted>0</BisWeighted>
      <QtyInPackage>1</QtyInPackage>
      <ItemPrice>12.90</ItemPrice>
      <UnitOfMeasurePrice>5.16</UnitOfMeasurePrice>
      <AllowDiscount>0</AllowDiscount>
      <itemStatus>1</itemStatus>
      <LastUpdateDate />
      <LastUpdateTime />
    </Product>
    <Product>
      <PriceUpdateDate>2013/12/02 17:11</PriceUpdateDate>
      <ItemCode>7290013883148</ItemCode>
      <ItemType>1</ItemType>
      <ItemName>הפי  סופג ריחות במקרר</ItemName>
      <ManufactureName>יעקב יעקבי ובניו בעמ</ManufactureName>
      <ManufactureCountry />
      <ManufactureItemDescription />
      <UnitQty>י"ח</UnitQty>
      <Quantity>300</Quantity>
      <UnitMeasure>ל  מ"ל</UnitMeasure>
      <BisWeighted>0</BisWeighted>
      <QtyInPackage>1</QtyInPackage>
      <ItemPrice>14</ItemPrice>
      <UnitOfMeasurePrice>4.67</UnitOfMeasurePrice>
      <AllowDiscount>0</AllowDiscount>
      <itemStatus>1</itemStatus>
      <LastUpdateDate />
      <LastUpdateTime />
    </Product>
    <Product>
      <PriceUpdateDate>2016/03/13 09:28</PriceUpdateDate>
      <ItemCode>7290013883490</ItemCode>
      <ItemType>1</ItemType>
      <ItemName>הפי קוביות מוצק</ItemName>
      <ManufactureName>יעקב יעקבי ובניו בעמ</ManufactureName>
      <ManufactureCountry />
      <ManufactureItemDescription />
      <UnitQty>י"ח</UnitQty>
      <Quantity>1</Quantity>
      <UnitMeasure />
      <BisWeighted>0</BisWeighted>
      <QtyInPackage>1</QtyInPackage>
      <ItemPrice>10.90</ItemPrice>
      <UnitOfMeasurePrice>10.90</UnitOfMeasurePrice>
      <AllowDiscount>0</AllowDiscount>
      <itemStatus>1</itemStatus>
      <LastUpdateDate />
      <LastUpdateTime />
    </Product>
    <Product>
      <PriceUpdateDate>2019/02/19 10:37</PriceUpdateDate>
      <ItemCode>7290013919359</ItemCode>
      <ItemType>1</ItemType>
      <ItemName>עוגיות כתר ריבה  אנגל 600ג דלי</ItemName>
      <ManufactureName>שיבולים ייצור ושיווק מאפה בעמ</ManufactureName>
      <ManufactureCountry />
      <ManufactureItemDescription />
      <UnitQty>י"ח</UnitQty>
      <Quantity>600</Quantity>
      <UnitMeasure>ל  גרם</UnitMeasure>
      <BisWeighted>0</BisWeighted>
      <QtyInPackage>1</QtyInPackage>
      <ItemPrice>14.90</ItemPrice>
      <UnitOfMeasurePrice>2.48</UnitOfMeasurePrice>
      <AllowDiscount>1</AllowDiscount>
      <itemStatus>1</itemStatus>
      <LastUpdateDate />
      <LastUpdateTime />
    </Product>
    <Product>
      <PriceUpdateDate>2017/04/19 14:55</PriceUpdateDate>
      <ItemCode>7290013927002</ItemCode>
      <ItemType>1</ItemType>
      <ItemName>דקליות שוקו 400 גרם אחווה</ItemName>
      <ManufactureName>אחדות בעמ</ManufactureName>
      <ManufactureCountry />
      <ManufactureItemDescription />
      <UnitQty>י"ח</UnitQty>
      <Quantity>400</Quantity>
      <UnitMeasure>ל  גרם</UnitMeasure>
      <BisWeighted>0</BisWeighted>
      <QtyInPackage>1</QtyInPackage>
      <ItemPrice>11.90</ItemPrice>
      <UnitOfMeasurePrice>2.98</UnitOfMeasurePrice>
      <AllowDiscount>0</AllowDiscount>
      <itemStatus>1</itemStatus>
      <LastUpdateDate />
      <LastUpdateTime />
    </Product>
    <Product>
      <PriceUpdateDate>2014/11/02 09:03</PriceUpdateDate>
      <ItemCode>7290013927156</ItemCode>
      <ItemType>1</ItemType>
      <ItemName>עוגת פירות יער ללא סוכר 450גרם</ItemName>
      <ManufactureName>אחדות בעמ</ManufactureName>
      <ManufactureCountry />
      <ManufactureItemDescription />
      <UnitQty>י"ח</UnitQty>
      <Quantity>450</Quantity>
      <UnitMeasure>ל  גרם</UnitMeasure>
      <BisWeighted>0</BisWeighted>
      <QtyInPackage>1</QtyInPackage>
      <ItemPrice>11.90</ItemPrice>
      <UnitOfMeasurePrice>2.64</UnitOfMeasurePrice>
      <AllowDiscount>0</AllowDiscount>
      <itemStatus>1</itemStatus>
      <LastUpdateDate />
      <LastUpdateTime />
    </Product>
    <Product>
      <PriceUpdateDate>2017/04/19 14:55</PriceUpdateDate>
      <ItemCode>7290013927323</ItemCode>
      <ItemType>1</ItemType>
      <ItemName>עוגת בראוניס 400גרם אחוה</ItemName>
      <ManufactureName>אחדות בעמ</ManufactureName>
      <ManufactureCountry />
      <ManufactureItemDescription />
      <UnitQty>י"ח</UnitQty>
      <Quantity>450</Quantity>
      <UnitMeasure>ל  גרם</UnitMeasure>
      <BisWeighted>0</BisWeighted>
      <QtyInPackage>1</QtyInPackage>
      <ItemPrice>11.90</ItemPrice>
      <UnitOfMeasurePrice>2.64</UnitOfMeasurePrice>
      <AllowDiscount>0</AllowDiscount>
      <itemStatus>1</itemStatus>
      <LastUpdateDate />
      <LastUpdateTime />
    </Product>
    <Product>
      <PriceUpdateDate>2019/01/22 11:37</PriceUpdateDate>
      <ItemCode>7290013927637</ItemCode>
      <ItemType>1</ItemType>
      <ItemName>חלוה ללא ת.סוכר 400ג מגש</ItemName>
      <ManufactureName>אחדות בעמ</ManufactureName>
      <ManufactureCountry />
      <ManufactureItemDescription />
      <UnitQty>י"ח</UnitQty>
      <Quantity>400</Quantity>
      <UnitMeasure>ל  גרם</UnitMeasure>
      <BisWeighted>0</BisWeighted>
      <QtyInPackage>1</QtyInPackage>
      <ItemPrice>10.90</ItemPrice>
      <UnitOfMeasurePrice>2.73</UnitOfMeasurePrice>
      <AllowDiscount>0</AllowDiscount>
      <itemStatus>1</itemStatus>
      <LastUpdateDate />
      <LastUpdateTime />
    </Product>
    <Product>
      <PriceUpdateDate>2019/08/13 12:55</PriceUpdateDate>
      <ItemCode>7290013927804</ItemCode>
      <ItemType>1</ItemType>
      <ItemName>טחינה  אחווה  משומשום מלא 1 ק"ג</ItemName>
      <ManufactureName>אחדות בעמ</ManufactureName>
      <ManufactureCountry />
      <ManufactureItemDescription />
      <UnitQty>י"ח</UnitQty>
      <Quantity>1</Quantity>
      <UnitMeasure>ק"ג</UnitMeasure>
      <BisWeighted>0</BisWeighted>
      <QtyInPackage>1</QtyInPackage>
      <ItemPrice>19.80</ItemPrice>
      <UnitOfMeasurePrice>19.80</UnitOfMeasurePrice>
      <AllowDiscount>0</AllowDiscount>
      <itemStatus>1</itemStatus>
      <LastUpdateDate />
      <LastUpdateTime />
    </Product>
    <Product>
      <PriceUpdateDate>2019/11/24 14:52</PriceUpdateDate>
      <ItemCode>7290013927903</ItemCode>
      <ItemType>1</ItemType>
      <ItemName>עוגת שמרים טעם קרמל  400 גרם</ItemName>
      <ManufactureName>אחדות בעמ</ManufactureName>
      <ManufactureCountry />
      <ManufactureItemDescription />
      <UnitQty>י"ח</UnitQty>
      <Quantity>400</Quantity>
      <UnitMeasure>ל  גרם</UnitMeasure>
      <BisWeighted>0</BisWeighted>
      <QtyInPackage>1</QtyInPackage>
      <ItemPrice>10</ItemPrice>
      <UnitOfMeasurePrice>2.50</UnitOfMeasurePrice>
      <AllowDiscount>0</AllowDiscount>
      <itemStatus>1</itemStatus>
      <LastUpdateDate />
      <LastUpdateTime />
    </Product>
    <Product>
      <PriceUpdateDate>2015/01/14 10:14</PriceUpdateDate>
      <ItemCode>7290013946232</ItemCode>
      <ItemType>1</ItemType>
      <ItemName>שמפו רצפות 4 ל ריח פרחים   המותג</ItemName>
      <ManufactureName>סאסאטק אגשח בעמ</ManufactureName>
      <ManufactureCountry />
      <ManufactureItemDescription />
      <UnitQty>י"ח</UnitQty>
      <Quantity>4</Quantity>
      <UnitMeasure>ליטר</UnitMeasure>
      <BisWeighted>0</BisWeighted>
      <QtyInPackage>1</QtyInPackage>
      <ItemPrice>10.90</ItemPrice>
      <UnitOfMeasurePrice>2.73</UnitOfMeasurePrice>
      <AllowDiscount>1</AllowDiscount>
      <itemStatus>1</itemStatus>
      <LastUpdateDate />
      <LastUpdateTime />
    </Product>
    <Product>
      <PriceUpdateDate>2017/07/19 16:53</PriceUpdateDate>
      <ItemCode>7290013971555</ItemCode>
      <ItemType>1</ItemType>
      <ItemName>סוללות 12יח מעורב פוגיקום</ItemName>
      <ManufactureName>פוגיקום בעמ</ManufactureName>
      <ManufactureCountry />
      <ManufactureItemDescription />
      <UnitQty>י"ח</UnitQty>
      <Quantity>1</Quantity>
      <UnitMeasure />
      <BisWeighted>0</BisWeighted>
      <QtyInPackage>1</QtyInPackage>
      <ItemPrice>19.90</ItemPrice>
      <UnitOfMeasurePrice>19.90</UnitOfMeasurePrice>
      <AllowDiscount>1</AllowDiscount>
      <itemStatus>1</itemStatus>
      <LastUpdateDate />
      <LastUpdateTime />
    </Product>
    <Product>
      <PriceUpdateDate>2018/12/17 14:50</PriceUpdateDate>
      <ItemCode>7290014002197</ItemCode>
      <ItemType>1</ItemType>
      <ItemName>חליטת  קמומיל ולימונית גן קסום</ItemName>
      <ManufactureName>תה ויסוצקי (ישראל)בעמ</ManufactureName>
      <ManufactureCountry />
      <ManufactureItemDescription />
      <UnitQty>י"ח</UnitQty>
      <Quantity>37.50</Quantity>
      <UnitMeasure>ל  גרם</UnitMeasure>
      <BisWeighted>0</BisWeighted>
      <QtyInPackage>1</QtyInPackage>
      <ItemPrice>17.90</ItemPrice>
      <UnitOfMeasurePrice>47.73</UnitOfMeasurePrice>
      <AllowDiscount>0</AllowDiscount>
      <itemStatus>1</itemStatus>
      <LastUpdateDate />
      <LastUpdateTime />
    </Product>
    <Product>
      <PriceUpdateDate>2018/12/17 14:50</PriceUpdateDate>
      <ItemCode>7290014002203</ItemCode>
      <ItemType>1</ItemType>
      <ItemName>חליטת  לימונית ולואיזה גן קסום</ItemName>
      <ManufactureName>תה ויסוצקי (ישראל)בעמ</ManufactureName>
      <ManufactureCountry />
      <ManufactureItemDescription />
      <UnitQty>י"ח</UnitQty>
      <Quantity>37.50</Quantity>
      <UnitMeasure>ל  גרם</UnitMeasure>
      <BisWeighted>0</BisWeighted>
      <QtyInPackage>1</QtyInPackage>
      <ItemPrice>17.90</ItemPrice>
      <UnitOfMeasurePrice>47.73</UnitOfMeasurePrice>
      <AllowDiscount>0</AllowDiscount>
      <itemStatus>1</itemStatus>
      <LastUpdateDate />
      <LastUpdateTime />
    </Product>
    <Product>
      <PriceUpdateDate>2019/07/18 11:04</PriceUpdateDate>
      <ItemCode>7290014002944</ItemCode>
      <ItemType>1</ItemType>
      <ItemName>גן הקסום חליטת פירות וצמחים חמדת שקד</ItemName>
      <ManufactureName>תה ויסוצקי (ישראל)בעמ</ManufactureName>
      <ManufactureCountry />
      <ManufactureItemDescription />
      <UnitQty>י"ח</UnitQty>
      <Quantity>1</Quantity>
      <UnitMeasure />
      <BisWeighted>0</BisWeighted>
      <QtyInPackage>1</QtyInPackage>
      <ItemPrice>17.90</ItemPrice>
      <UnitOfMeasurePrice>17.90</UnitOfMeasurePrice>
      <AllowDiscount>0</AllowDiscount>
      <itemStatus>1</itemStatus>
      <LastUpdateDate />
      <LastUpdateTime />
    </Product>
    <Product>
      <PriceUpdateDate>2013/10/31 17:04</PriceUpdateDate>
      <ItemCode>7290014046436</ItemCode>
      <ItemType>1</ItemType>
      <ItemName>נשנושי קבנוס 125ג</ItemName>
      <ManufactureName>מעדני יחיעם 1993 בעמ</ManufactureName>
      <ManufactureCountry />
      <ManufactureItemDescription />
      <UnitQty>י"ח</UnitQty>
      <Quantity>125</Quantity>
      <UnitMeasure>ל  גרם</UnitMeasure>
      <BisWeighted>0</BisWeighted>
      <QtyInPackage>1</QtyInPackage>
      <ItemPrice>14.90</ItemPrice>
      <UnitOfMeasurePrice>11.92</UnitOfMeasurePrice>
      <AllowDiscount>1</AllowDiscount>
      <itemStatus>1</itemStatus>
      <LastUpdateDate />
      <LastUpdateTime />
    </Product>
    <Product>
      <PriceUpdateDate>2013/10/31 17:05</PriceUpdateDate>
      <ItemCode>7290014046511</ItemCode>
      <ItemType>1</ItemType>
      <ItemName>פסטרמה בדבש דק דק 140ג</ItemName>
      <ManufactureName>מעדני יחיעם 1993 בעמ</ManufactureName>
      <ManufactureCountry />
      <ManufactureItemDescription />
      <UnitQty>י"ח</UnitQty>
      <Quantity>140</Quantity>
      <UnitMeasure>ל  גרם</UnitMeasure>
      <BisWeighted>0</BisWeighted>
      <QtyInPackage>1</QtyInPackage>
      <ItemPrice>13.90</ItemPrice>
      <UnitOfMeasurePrice>9.93</UnitOfMeasurePrice>
      <AllowDiscount>1</AllowDiscount>
      <itemStatus>1</itemStatus>
      <LastUpdateDate />
      <LastUpdateTime />
    </Product>
    <Product>
      <PriceUpdateDate>2013/10/31 17:05</PriceUpdateDate>
      <ItemCode>7290014046528</ItemCode>
      <ItemType>1</ItemType>
      <ItemName>פסטרמה של פעם  דק דק 140ג</ItemName>
      <ManufactureName>מעדני יחיעם 1993 בעמ</ManufactureName>
      <ManufactureCountry />
      <ManufactureItemDescription />
      <UnitQty>י"ח</UnitQty>
      <Quantity>140</Quantity>
      <UnitMeasure>ל  גרם</UnitMeasure>
      <BisWeighted>0</BisWeighted>
      <QtyInPackage>1</QtyInPackage>
      <ItemPrice>13.90</ItemPrice>
      <UnitOfMeasurePrice>9.93</UnitOfMeasurePrice>
      <AllowDiscount>1</AllowDiscount>
      <itemStatus>1</itemStatus>
      <LastUpdateDate />
      <LastUpdateTime />
    </Product>
    <Product>
      <PriceUpdateDate>2015/12/08 15:24</PriceUpdateDate>
      <ItemCode>7290014046580</ItemCode>
      <ItemType>1</ItemType>
      <ItemName>פסטרמה מעודנת על גחלים 300 גרם</ItemName>
      <ManufactureName>מעדני יחיעם 1993 בעמ</ManufactureName>
      <ManufactureCountry />
      <ManufactureItemDescription />
      <UnitQty>י"ח</UnitQty>
      <Quantity>300</Quantity>
      <UnitMeasure>ל  גרם</UnitMeasure>
      <BisWeighted>0</BisWeighted>
      <QtyInPackage>1</QtyInPackage>
      <ItemPrice>20.90</ItemPrice>
      <UnitOfMeasurePrice>6.97</UnitOfMeasurePrice>
      <AllowDiscount>1</AllowDiscount>
      <itemStatus>1</itemStatus>
      <LastUpdateDate />
      <LastUpdateTime />
    </Product>
    <Product>
      <PriceUpdateDate>2012/09/03 15:57</PriceUpdateDate>
      <ItemCode>7290014069275</ItemCode>
      <ItemType>1</ItemType>
      <ItemName>פיתה</ItemName>
      <ManufactureName>מאפיית הראשונים מ.ל. בעמ</ManufactureName>
      <ManufactureCountry />
      <ManufactureItemDescription />
      <UnitQty>י"ח</UnitQty>
      <Quantity>1</Quantity>
      <UnitMeasure>י"ח</UnitMeasure>
      <BisWeighted>0</BisWeighted>
      <QtyInPackage>1</QtyInPackage>
      <ItemPrice>1.20</ItemPrice>
      <UnitOfMeasurePrice>1.20</UnitOfMeasurePrice>
      <AllowDiscount>1</AllowDiscount>
      <itemStatus>1</itemStatus>
      <LastUpdateDate />
      <LastUpdateTime />
    </Product>
    <Product>
      <PriceUpdateDate>2014/01/07 16:26</PriceUpdateDate>
      <ItemCode>7290014070592</ItemCode>
      <ItemType>1</ItemType>
      <ItemName>ספרייט</ItemName>
      <ManufactureName>מאפיית הראשונים מ.ל. בעמ</ManufactureName>
      <ManufactureCountry />
      <ManufactureItemDescription />
      <UnitQty>י"ח</UnitQty>
      <Quantity>1</Quantity>
      <UnitMeasure>י"ח</UnitMeasure>
      <BisWeighted>0</BisWeighted>
      <QtyInPackage>1</QtyInPackage>
      <ItemPrice>7</ItemPrice>
      <UnitOfMeasurePrice>7</UnitOfMeasurePrice>
      <AllowDiscount>0</AllowDiscount>
      <itemStatus>1</itemStatus>
      <LastUpdateDate />
      <LastUpdateTime />
    </Product>
    <Product>
      <PriceUpdateDate>2016/05/19 10:59</PriceUpdateDate>
      <ItemCode>7290014083165</ItemCode>
      <ItemType>1</ItemType>
      <ItemName>ניוקי 500 גר`וויליפוד</ItemName>
      <ManufactureName>ג.וילי פוד אינטרנשיונל בעמ</ManufactureName>
      <ManufactureCountry />
      <ManufactureItemDescription />
      <UnitQty>י"ח</UnitQty>
      <Quantity>500</Quantity>
      <UnitMeasure>ל  גרם</UnitMeasure>
      <BisWeighted>0</BisWeighted>
      <QtyInPackage>1</QtyInPackage>
      <ItemPrice>8.10</ItemPrice>
      <UnitOfMeasurePrice>1.62</UnitOfMeasurePrice>
      <AllowDiscount>1</AllowDiscount>
      <itemStatus>1</itemStatus>
      <LastUpdateDate />
      <LastUpdateTime />
    </Product>
    <Product>
      <PriceUpdateDate>2014/05/01 08:48</PriceUpdateDate>
      <ItemCode>7290014083370</ItemCode>
      <ItemType>1</ItemType>
      <ItemName>מיץ אננס מארז רביעייה DEL MONTE 240מ"ל</ItemName>
      <ManufactureName>ג.וילי פוד אינטרנשיונל בעמ</ManufactureName>
      <ManufactureCountry />
      <ManufactureItemDescription />
      <UnitQty>י"ח</UnitQty>
      <Quantity>960</Quantity>
      <UnitMeasure>ל  מ"ל</UnitMeasure>
      <BisWeighted>0</BisWeighted>
      <QtyInPackage>1</QtyInPackage>
      <ItemPrice>14.80</ItemPrice>
      <UnitOfMeasurePrice>1.42</UnitOfMeasurePrice>
      <AllowDiscount>0</AllowDiscount>
      <itemStatus>1</itemStatus>
      <LastUpdateDate />
      <LastUpdateTime />
    </Product>
    <Product>
      <PriceUpdateDate>2017/08/31 13:59</PriceUpdateDate>
      <ItemCode>7290014083783</ItemCode>
      <ItemType>1</ItemType>
      <ItemName>שלישיית עגבניות מרוסק.400ג ויליפוד</ItemName>
      <ManufactureName>ג.וילי פוד אינטרנשיונל בעמ</ManufactureName>
      <ManufactureCountry />
      <ManufactureItemDescription />
      <UnitQty>י"ח</UnitQty>
      <Quantity>560</Quantity>
      <UnitMeasure>ל  גרם</UnitMeasure>
      <BisWeighted>0</BisWeighted>
      <QtyInPackage>1</QtyInPackage>
      <ItemPrice>11.90</ItemPrice>
      <UnitOfMeasurePrice>2.13</UnitOfMeasurePrice>
      <AllowDiscount>0</AllowDiscount>
      <itemStatus>1</itemStatus>
      <LastUpdateDate />
      <LastUpdateTime />
    </Product>
    <Product>
      <PriceUpdateDate>2020/03/05 19:39</PriceUpdateDate>
      <ItemCode>7290014090620</ItemCode>
      <ItemType>1</ItemType>
      <ItemName>תחתיות ארטישוק מחפוד 600 גרם עת רן</ItemName>
      <ManufactureName>עת -רן (1996) בעמ</ManufactureName>
      <ManufactureCountry />
      <ManufactureItemDescription />
      <UnitQty>י"ח</UnitQty>
      <Quantity>600</Quantity>
      <UnitMeasure>ל  גרם</UnitMeasure>
      <BisWeighted>0</BisWeighted>
      <QtyInPackage>1</QtyInPackage>
      <ItemPrice>14.90</ItemPrice>
      <UnitOfMeasurePrice>2.48</UnitOfMeasurePrice>
      <AllowDiscount>0</AllowDiscount>
      <itemStatus>1</itemStatus>
      <LastUpdateDate />
      <LastUpdateTime />
    </Product>
    <Product>
      <PriceUpdateDate>2016/12/25 12:36</PriceUpdateDate>
      <ItemCode>7290014094611</ItemCode>
      <ItemType>1</ItemType>
      <ItemName>שקד פרוס 200גר בקופסא</ItemName>
      <ManufactureName>דין שיווק וקליהבעמ</ManufactureName>
      <ManufactureCountry />
      <ManufactureItemDescription />
      <UnitQty>י"ח</UnitQty>
      <Quantity>200</Quantity>
      <UnitMeasure>ל  גרם</UnitMeasure>
      <BisWeighted>0</BisWeighted>
      <QtyInPackage>1</QtyInPackage>
      <ItemPrice>28.90</ItemPrice>
      <UnitOfMeasurePrice>14.45</UnitOfMeasurePrice>
      <AllowDiscount>0</AllowDiscount>
      <itemStatus>1</itemStatus>
      <LastUpdateDate />
      <LastUpdateTime />
    </Product>
    <Product>
      <PriceUpdateDate>2013/01/07 13:58</PriceUpdateDate>
      <ItemCode>7290014094772</ItemCode>
      <ItemType>1</ItemType>
      <ItemName>גרעין אבטיח קלוי 170 גרם המותג</ItemName>
      <ManufactureName>דין שיווק וקליהבעמ</ManufactureName>
      <ManufactureCountry />
      <ManufactureItemDescription />
      <UnitQty>י"ח</UnitQty>
      <Quantity>170</Quantity>
      <UnitMeasure>ל  גרם</UnitMeasure>
      <BisWeighted>0</BisWeighted>
      <QtyInPackage>1</QtyInPackage>
      <ItemPrice>10</ItemPrice>
      <UnitOfMeasurePrice>5.88</UnitOfMeasurePrice>
      <AllowDiscount>0</AllowDiscount>
      <itemStatus>1</itemStatus>
      <LastUpdateDate />
      <LastUpdateTime />
    </Product>
    <Product>
      <PriceUpdateDate>2017/04/03 14:53</PriceUpdateDate>
      <ItemCode>7290014094789</ItemCode>
      <ItemType>1</ItemType>
      <ItemName>גרעין חמניה קלוי 170 גרם המותג</ItemName>
      <ManufactureName>דין שיווק וקליהבעמ</ManufactureName>
      <ManufactureCountry />
      <ManufactureItemDescription />
      <UnitQty>י"ח</UnitQty>
      <Quantity>170</Quantity>
      <UnitMeasure>ל  גרם</UnitMeasure>
      <BisWeighted>0</BisWeighted>
      <QtyInPackage>1</QtyInPackage>
      <ItemPrice>3.60</ItemPrice>
      <UnitOfMeasurePrice>2.12</UnitOfMeasurePrice>
      <AllowDiscount>1</AllowDiscount>
      <itemStatus>1</itemStatus>
      <LastUpdateDate />
      <LastUpdateTime />
    </Product>
    <Product>
      <PriceUpdateDate>2018/01/02 11:40</PriceUpdateDate>
      <ItemCode>7290014094857</ItemCode>
      <ItemType>1</ItemType>
      <ItemName>פקאן סיני 150ג</ItemName>
      <ManufactureName>דין שיווק וקליהבעמ</ManufactureName>
      <ManufactureCountry />
      <ManufactureItemDescription />
      <UnitQty>י"ח</UnitQty>
      <Quantity>150</Quantity>
      <UnitMeasure>ל  גרם</UnitMeasure>
      <BisWeighted>0</BisWeighted>
      <QtyInPackage>1</QtyInPackage>
      <ItemPrice>22.90</ItemPrice>
      <UnitOfMeasurePrice>15.27</UnitOfMeasurePrice>
      <AllowDiscount>0</AllowDiscount>
      <itemStatus>1</itemStatus>
      <LastUpdateDate />
      <LastUpdateTime />
    </Product>
    <Product>
      <PriceUpdateDate>2020/01/27 09:51</PriceUpdateDate>
      <ItemCode>7290014094895</ItemCode>
      <ItemType>1</ItemType>
      <ItemName>אגוזים קלופים 150ג דין שיווק</ItemName>
      <ManufactureName>דין שיווק וקליהבעמ</ManufactureName>
      <ManufactureCountry />
      <ManufactureItemDescription />
      <UnitQty>י"ח</UnitQty>
      <Quantity>150</Quantity>
      <UnitMeasure>ל  גרם</UnitMeasure>
      <BisWeighted>0</BisWeighted>
      <QtyInPackage>1</QtyInPackage>
      <ItemPrice>13.90</ItemPrice>
      <UnitOfMeasurePrice>9.27</UnitOfMeasurePrice>
      <AllowDiscount>0</AllowDiscount>
      <itemStatus>1</itemStatus>
      <LastUpdateDate />
      <LastUpdateTime />
    </Product>
    <Product>
      <PriceUpdateDate>2015/06/08 17:37</PriceUpdateDate>
      <ItemCode>7290014095861</ItemCode>
      <ItemType>1</ItemType>
      <ItemName>שיבולת שועל דקה להכנה מהירה 500 ג`</ItemName>
      <ManufactureName>דין שיווק וקליהבעמ</ManufactureName>
      <ManufactureCountry />
      <ManufactureItemDescription />
      <UnitQty>י"ח</UnitQty>
      <Quantity>500</Quantity>
      <UnitMeasure>ל  גרם</UnitMeasure>
      <BisWeighted>0</BisWeighted>
      <QtyInPackage>1</QtyInPackage>
      <ItemPrice>5.90</ItemPrice>
      <UnitOfMeasurePrice>1.18</UnitOfMeasurePrice>
      <AllowDiscount>1</AllowDiscount>
      <itemStatus>1</itemStatus>
      <LastUpdateDate />
      <LastUpdateTime />
    </Product>
    <Product>
      <PriceUpdateDate>2017/02/21 10:57</PriceUpdateDate>
      <ItemCode>7290014095885</ItemCode>
      <ItemType>1</ItemType>
      <ItemName>שיבולת שועל עבה להכנה מהירה 500 ג`</ItemName>
      <ManufactureName>דין שיווק וקליהבעמ</ManufactureName>
      <ManufactureCountry />
      <ManufactureItemDescription />
      <UnitQty>י"ח</UnitQty>
      <Quantity>500</Quantity>
      <UnitMeasure>ל  גרם</UnitMeasure>
      <BisWeighted>0</BisWeighted>
      <QtyInPackage>1</QtyInPackage>
      <ItemPrice>6.90</ItemPrice>
      <UnitOfMeasurePrice>1.38</UnitOfMeasurePrice>
      <AllowDiscount>0</AllowDiscount>
      <itemStatus>1</itemStatus>
      <LastUpdateDate />
      <LastUpdateTime />
    </Product>
    <Product>
      <PriceUpdateDate>2017/12/31 14:22</PriceUpdateDate>
      <ItemCode>7290014095960</ItemCode>
      <ItemType>1</ItemType>
      <ItemName>שיבולת שועל עבה להכנה מהירה 500 ג`</ItemName>
      <ManufactureName>דין שיווק וקליהבעמ</ManufactureName>
      <ManufactureCountry />
      <ManufactureItemDescription />
      <UnitQty>י"ח</UnitQty>
      <Quantity>500</Quantity>
      <UnitMeasure>ל  גרם</UnitMeasure>
      <BisWeighted>0</BisWeighted>
      <QtyInPackage>1</QtyInPackage>
      <ItemPrice>5.90</ItemPrice>
      <UnitOfMeasurePrice>1.18</UnitOfMeasurePrice>
      <AllowDiscount>1</AllowDiscount>
      <itemStatus>1</itemStatus>
      <LastUpdateDate />
      <LastUpdateTime />
    </Product>
    <Product>
      <PriceUpdateDate>2013/10/31 17:23</PriceUpdateDate>
      <ItemCode>7290014204003</ItemCode>
      <ItemType>1</ItemType>
      <ItemName>שמפו פנינה לשיער צבוע 750מ"ל</ItemName>
      <ManufactureName>פנינה רוזנבלום בעמ</ManufactureName>
      <ManufactureCountry />
      <ManufactureItemDescription />
      <UnitQty>י"ח</UnitQty>
      <Quantity>750</Quantity>
      <UnitMeasure>ל  מ"ל</UnitMeasure>
      <BisWeighted>0</BisWeighted>
      <QtyInPackage>1</QtyInPackage>
      <ItemPrice>12.90</ItemPrice>
      <UnitOfMeasurePrice>1.72</UnitOfMeasurePrice>
      <AllowDiscount>1</AllowDiscount>
      <itemStatus>1</itemStatus>
      <LastUpdateDate />
      <LastUpdateTime />
    </Product>
    <Product>
      <PriceUpdateDate>2019/01/15 11:27</PriceUpdateDate>
      <ItemCode>7290014204560</ItemCode>
      <ItemType>1</ItemType>
      <ItemName>סבון 500מ"ל שלישייה פנינה</ItemName>
      <ManufactureName>פנינה רוזנבלום בעמ</ManufactureName>
      <ManufactureCountry />
      <ManufactureItemDescription />
      <UnitQty>י"ח</UnitQty>
      <Quantity>0.50</Quantity>
      <UnitMeasure>ליטר</UnitMeasure>
      <BisWeighted>0</BisWeighted>
      <QtyInPackage>1</QtyInPackage>
      <ItemPrice>14.90</ItemPrice>
      <UnitOfMeasurePrice>29.80</UnitOfMeasurePrice>
      <AllowDiscount>1</AllowDiscount>
      <itemStatus>1</itemStatus>
      <LastUpdateDate />
      <LastUpdateTime />
    </Product>
    <Product>
      <PriceUpdateDate>2014/08/18 08:40</PriceUpdateDate>
      <ItemCode>7290014204614</ItemCode>
      <ItemType>1</ItemType>
      <ItemName>גרנולה שוקולד מריר+שוקולד לבן  400גר</ItemName>
      <ManufactureName>פנינה רוזנבלום בעמ</ManufactureName>
      <ManufactureCountry />
      <ManufactureItemDescription />
      <UnitQty>י"ח</UnitQty>
      <Quantity>400</Quantity>
      <UnitMeasure>ל  גרם</UnitMeasure>
      <BisWeighted>0</BisWeighted>
      <QtyInPackage>1</QtyInPackage>
      <ItemPrice>25.90</ItemPrice>
      <UnitOfMeasurePrice>6.48</UnitOfMeasurePrice>
      <AllowDiscount>0</AllowDiscount>
      <itemStatus>1</itemStatus>
      <LastUpdateDate />
      <LastUpdateTime />
    </Product>
    <Product>
      <PriceUpdateDate>2018/03/11 15:08</PriceUpdateDate>
      <ItemCode>7290014204638</ItemCode>
      <ItemType>1</ItemType>
      <ItemName>מרכך לאחר החלקה  750מ"ל קרטין</ItemName>
      <ManufactureName>פנינה רוזנבלום בעמ</ManufactureName>
      <ManufactureCountry />
      <ManufactureItemDescription />
      <UnitQty>י"ח</UnitQty>
      <Quantity>750</Quantity>
      <UnitMeasure>ל  מ"ל</UnitMeasure>
      <BisWeighted>0</BisWeighted>
      <QtyInPackage>1</QtyInPackage>
      <ItemPrice>24.90</ItemPrice>
      <UnitOfMeasurePrice>3.32</UnitOfMeasurePrice>
      <AllowDiscount>1</AllowDiscount>
      <itemStatus>1</itemStatus>
      <LastUpdateDate />
      <LastUpdateTime />
    </Product>
    <Product>
      <PriceUpdateDate>2018/03/11 15:07</PriceUpdateDate>
      <ItemCode>7290014204645</ItemCode>
      <ItemType>1</ItemType>
      <ItemName>שמפו לאחר החלקה 750מ"ל</ItemName>
      <ManufactureName>פנינה רוזנבלום בעמ</ManufactureName>
      <ManufactureCountry />
      <ManufactureItemDescription />
      <UnitQty>י"ח</UnitQty>
      <Quantity>750</Quantity>
      <UnitMeasure>ל  מ"ל</UnitMeasure>
      <BisWeighted>0</BisWeighted>
      <QtyInPackage>1</QtyInPackage>
      <ItemPrice>24.90</ItemPrice>
      <UnitOfMeasurePrice>3.32</UnitOfMeasurePrice>
      <AllowDiscount>1</AllowDiscount>
      <itemStatus>1</itemStatus>
      <LastUpdateDate />
      <LastUpdateTime />
    </Product>
    <Product>
      <PriceUpdateDate>2014/10/20 11:35</PriceUpdateDate>
      <ItemCode>7290014204683</ItemCode>
      <ItemType>1</ItemType>
      <ItemName>סבון 1ל משאבה סגול פנינה</ItemName>
      <ManufactureName>פנינה רוזנבלום בעמ</ManufactureName>
      <ManufactureCountry />
      <ManufactureItemDescription />
      <UnitQty>י"ח</UnitQty>
      <Quantity>1</Quantity>
      <UnitMeasure>ליטר</UnitMeasure>
      <BisWeighted>0</BisWeighted>
      <QtyInPackage>1</QtyInPackage>
      <ItemPrice>13.90</ItemPrice>
      <UnitOfMeasurePrice>13.90</UnitOfMeasurePrice>
      <AllowDiscount>0</AllowDiscount>
      <itemStatus>1</itemStatus>
      <LastUpdateDate />
      <LastUpdateTime />
    </Product>
    <Product>
      <PriceUpdateDate>2016/12/04 09:50</PriceUpdateDate>
      <ItemCode>7290014204874</ItemCode>
      <ItemType>1</ItemType>
      <ItemName>רוטב עוף 800ג</ItemName>
      <ManufactureName>פנינה רוזנבלום בעמ</ManufactureName>
      <ManufactureCountry />
      <ManufactureItemDescription />
      <UnitQty>י"ח</UnitQty>
      <Quantity>800</Quantity>
      <UnitMeasure>ל  גרם</UnitMeasure>
      <BisWeighted>0</BisWeighted>
      <QtyInPackage>1</QtyInPackage>
      <ItemPrice>16.90</ItemPrice>
      <UnitOfMeasurePrice>2.11</UnitOfMeasurePrice>
      <AllowDiscount>1</AllowDiscount>
      <itemStatus>1</itemStatus>
      <LastUpdateDate />
      <LastUpdateTime />
    </Product>
    <Product>
      <PriceUpdateDate>2015/04/13 14:41</PriceUpdateDate>
      <ItemCode>7290014205000</ItemCode>
      <ItemType>1</ItemType>
      <ItemName>צלחות גדולות *50 "שווה"</ItemName>
      <ManufactureName>ח.כהן סוכנות מזון ומשקאות בע</ManufactureName>
      <ManufactureCountry />
      <ManufactureItemDescription />
      <UnitQty>י"ח</UnitQty>
      <Quantity>50</Quantity>
      <UnitMeasure>י"ח</UnitMeasure>
      <BisWeighted>0</BisWeighted>
      <QtyInPackage>1</QtyInPackage>
      <ItemPrice>6.90</ItemPrice>
      <UnitOfMeasurePrice>0.14</UnitOfMeasurePrice>
      <AllowDiscount>1</AllowDiscount>
      <itemStatus>1</itemStatus>
      <LastUpdateDate />
      <LastUpdateTime />
    </Product>
    <Product>
      <PriceUpdateDate>2015/06/19 10:31</PriceUpdateDate>
      <ItemCode>7290014205017</ItemCode>
      <ItemType>1</ItemType>
      <ItemName>צלחות קטנות"שווה "50יח</ItemName>
      <ManufactureName>ח.כהן סוכנות מזון ומשקאות בע</ManufactureName>
      <ManufactureCountry />
      <ManufactureItemDescription />
      <UnitQty>י"ח</UnitQty>
      <Quantity>50</Quantity>
      <UnitMeasure>י"ח</UnitMeasure>
      <BisWeighted>0</BisWeighted>
      <QtyInPackage>1</QtyInPackage>
      <ItemPrice>5.40</ItemPrice>
      <UnitOfMeasurePrice>0.11</UnitOfMeasurePrice>
      <AllowDiscount>1</AllowDiscount>
      <itemStatus>1</itemStatus>
      <LastUpdateDate />
      <LastUpdateTime />
    </Product>
    <Product>
      <PriceUpdateDate>2019/04/15 09:57</PriceUpdateDate>
      <ItemCode>7290014205024</ItemCode>
      <ItemType>1</ItemType>
      <ItemName>קערה אובלית 25  יח`לבן</ItemName>
      <ManufactureName>ח.כהן סוכנות מזון ומשקאות בע</ManufactureName>
      <ManufactureCountry />
      <ManufactureItemDescription />
      <UnitQty>י"ח</UnitQty>
      <Quantity>30</Quantity>
      <UnitMeasure>י"ח</UnitMeasure>
      <BisWeighted>0</BisWeighted>
      <QtyInPackage>1</QtyInPackage>
      <ItemPrice>2.90</ItemPrice>
      <UnitOfMeasurePrice>0.10</UnitOfMeasurePrice>
      <AllowDiscount>1</AllowDiscount>
      <itemStatus>1</itemStatus>
      <LastUpdateDate />
      <LastUpdateTime />
    </Product>
    <Product>
      <PriceUpdateDate>2015/06/19 10:28</PriceUpdateDate>
      <ItemCode>7290014205031</ItemCode>
      <ItemType>1</ItemType>
      <ItemName>לפתניה"שווה"לבן 25</ItemName>
      <ManufactureName>ח.כהן סוכנות מזון ומשקאות בע</ManufactureName>
      <ManufactureCountry />
      <ManufactureItemDescription />
      <UnitQty>י"ח</UnitQty>
      <Quantity>2500</Quantity>
      <UnitMeasure>ל  גרם</UnitMeasure>
      <BisWeighted>0</BisWeighted>
      <QtyInPackage>1</QtyInPackage>
      <ItemPrice>2.70</ItemPrice>
      <UnitOfMeasurePrice>0.11</UnitOfMeasurePrice>
      <AllowDiscount>1</AllowDiscount>
      <itemStatus>1</itemStatus>
      <LastUpdateDate />
      <LastUpdateTime />
    </Product>
    <Product>
      <PriceUpdateDate>2015/06/19 10:28</PriceUpdateDate>
      <ItemCode>7290014205048</ItemCode>
      <ItemType>1</ItemType>
      <ItemName>מרקיה"שווה"לבן 25</ItemName>
      <ManufactureName>ח.כהן סוכנות מזון ומשקאות בע</ManufactureName>
      <ManufactureCountry />
      <ManufactureItemDescription />
      <UnitQty>י"ח</UnitQty>
      <Quantity>2500</Quantity>
      <UnitMeasure>ל  גרם</UnitMeasure>
      <BisWeighted>0</BisWeighted>
      <QtyInPackage>1</QtyInPackage>
      <ItemPrice>5.20</ItemPrice>
      <UnitOfMeasurePrice>0.21</UnitOfMeasurePrice>
      <AllowDiscount>1</AllowDiscount>
      <itemStatus>1</itemStatus>
      <LastUpdateDate />
      <LastUpdateTime />
    </Product>
    <Product>
      <PriceUpdateDate>2015/04/13 14:41</PriceUpdateDate>
      <ItemCode>7290014205055</ItemCode>
      <ItemType>1</ItemType>
      <ItemName>צלחת   עמוקה"שווה"30יח לבן</ItemName>
      <ManufactureName>ח.כהן סוכנות מזון ומשקאות בע</ManufactureName>
      <ManufactureCountry />
      <ManufactureItemDescription />
      <UnitQty>י"ח</UnitQty>
      <Quantity>30</Quantity>
      <UnitMeasure>י"ח</UnitMeasure>
      <BisWeighted>0</BisWeighted>
      <QtyInPackage>1</QtyInPackage>
      <ItemPrice>8.90</ItemPrice>
      <UnitOfMeasurePrice>0.30</UnitOfMeasurePrice>
      <AllowDiscount>1</AllowDiscount>
      <itemStatus>1</itemStatus>
      <LastUpdateDate />
      <LastUpdateTime />
    </Product>
    <Product>
      <PriceUpdateDate>2015/04/13 14:41</PriceUpdateDate>
      <ItemCode>7290014205062</ItemCode>
      <ItemType>1</ItemType>
      <ItemName>כוסות ח"פ פלסטיק 100"שווה".</ItemName>
      <ManufactureName>ח.כהן סוכנות מזון ומשקאות בע</ManufactureName>
      <ManufactureCountry />
      <ManufactureItemDescription />
      <UnitQty>י"ח</UnitQty>
      <Quantity>100</Quantity>
      <UnitMeasure>י"ח</UnitMeasure>
      <BisWeighted>0</BisWeighted>
      <QtyInPackage>1</QtyInPackage>
      <ItemPrice>4.60</ItemPrice>
      <UnitOfMeasurePrice>0.05</UnitOfMeasurePrice>
      <AllowDiscount>1</AllowDiscount>
      <itemStatus>1</itemStatus>
      <LastUpdateDate />
      <LastUpdateTime />
    </Product>
    <Product>
      <PriceUpdateDate>2016/03/27 12:37</PriceUpdateDate>
      <ItemCode>7290014205086</ItemCode>
      <ItemType>1</ItemType>
      <ItemName>כוסות יין 50יח שווה</ItemName>
      <ManufactureName>ח.כהן סוכנות מזון ומשקאות בע</ManufactureName>
      <ManufactureCountry />
      <ManufactureItemDescription />
      <UnitQty />
      <Quantity>1</Quantity>
      <UnitMeasure />
      <BisWeighted>0</BisWeighted>
      <QtyInPackage>1</QtyInPackage>
      <ItemPrice>2.90</ItemPrice>
      <UnitOfMeasurePrice>2.90</UnitOfMeasurePrice>
      <AllowDiscount>1</AllowDiscount>
      <itemStatus>1</itemStatus>
      <LastUpdateDate />
      <LastUpdateTime />
    </Product>
    <Product>
      <PriceUpdateDate>2016/04/06 14:05</PriceUpdateDate>
      <ItemCode>7290014205130</ItemCode>
      <ItemType>1</ItemType>
      <ItemName>צלחת גדולה  "שווה" צבעוני 25</ItemName>
      <ManufactureName>ח.כהן סוכנות מזון ומשקאות בע</ManufactureName>
      <ManufactureCountry />
      <ManufactureItemDescription />
      <UnitQty>י"ח</UnitQty>
      <Quantity>2500</Quantity>
      <UnitMeasure>ל  גרם</UnitMeasure>
      <BisWeighted>0</BisWeighted>
      <QtyInPackage>1</QtyInPackage>
      <ItemPrice>9.90</ItemPrice>
      <UnitOfMeasurePrice>0.40</UnitOfMeasurePrice>
      <AllowDiscount>1</AllowDiscount>
      <itemStatus>1</itemStatus>
      <LastUpdateDate />
      <LastUpdateTime />
    </Product>
    <Product>
      <PriceUpdateDate>2015/04/13 14:41</PriceUpdateDate>
      <ItemCode>7290014205147</ItemCode>
      <ItemType>1</ItemType>
      <ItemName>צלחת   קטן"שווה"צבעוני 25</ItemName>
      <ManufactureName>ח.כהן סוכנות מזון ומשקאות בע</ManufactureName>
      <ManufactureCountry />
      <ManufactureItemDescription />
      <UnitQty>י"ח</UnitQty>
      <Quantity>2500</Quantity>
      <UnitMeasure>ל  גרם</UnitMeasure>
      <BisWeighted>0</BisWeighted>
      <QtyInPackage>1</QtyInPackage>
      <ItemPrice>5.90</ItemPrice>
      <UnitOfMeasurePrice>0.24</UnitOfMeasurePrice>
      <AllowDiscount>1</AllowDiscount>
      <itemStatus>1</itemStatus>
      <LastUpdateDate />
      <LastUpdateTime />
    </Product>
    <Product>
      <PriceUpdateDate>2019/04/15 09:57</PriceUpdateDate>
      <ItemCode>7290014205154</ItemCode>
      <ItemType>1</ItemType>
      <ItemName>קערה אובלית    צבעונית"שווה"25</ItemName>
      <ManufactureName>ח.כהן סוכנות מזון ומשקאות בע</ManufactureName>
      <ManufactureCountry />
      <ManufactureItemDescription />
      <UnitQty>י"ח</UnitQty>
      <Quantity>2500</Quantity>
      <UnitMeasure>ל  גרם</UnitMeasure>
      <BisWeighted>0</BisWeighted>
      <QtyInPackage>1</QtyInPackage>
      <ItemPrice>3.90</ItemPrice>
      <UnitOfMeasurePrice>0.16</UnitOfMeasurePrice>
      <AllowDiscount>1</AllowDiscount>
      <itemStatus>1</itemStatus>
      <LastUpdateDate />
      <LastUpdateTime />
    </Product>
    <Product>
      <PriceUpdateDate>2015/06/19 10:27</PriceUpdateDate>
      <ItemCode>7290014205161</ItemCode>
      <ItemType>1</ItemType>
      <ItemName>לפתניה  "שווה" צבעוני 25</ItemName>
      <ManufactureName>ח.כהן סוכנות מזון ומשקאות בע</ManufactureName>
      <ManufactureCountry />
      <ManufactureItemDescription />
      <UnitQty>י"ח</UnitQty>
      <Quantity>2500</Quantity>
      <UnitMeasure>ל  גרם</UnitMeasure>
      <BisWeighted>0</BisWeighted>
      <QtyInPackage>1</QtyInPackage>
      <ItemPrice>3.20</ItemPrice>
      <UnitOfMeasurePrice>0.13</UnitOfMeasurePrice>
      <AllowDiscount>1</AllowDiscount>
      <itemStatus>1</itemStatus>
      <LastUpdateDate />
      <LastUpdateTime />
    </Product>
    <Product>
      <PriceUpdateDate>2015/04/13 14:41</PriceUpdateDate>
      <ItemCode>7290014205178</ItemCode>
      <ItemType>1</ItemType>
      <ItemName>מרקיה  "שווה" צבעוני 25</ItemName>
      <ManufactureName>ח.כהן סוכנות מזון ומשקאות בע</ManufactureName>
      <ManufactureCountry />
      <ManufactureItemDescription />
      <UnitQty>י"ח</UnitQty>
      <Quantity>2500</Quantity>
      <UnitMeasure>ל  גרם</UnitMeasure>
      <BisWeighted>0</BisWeighted>
      <QtyInPackage>1</QtyInPackage>
      <ItemPrice>6.90</ItemPrice>
      <UnitOfMeasurePrice>0.28</UnitOfMeasurePrice>
      <AllowDiscount>1</AllowDiscount>
      <itemStatus>1</itemStatus>
      <LastUpdateDate />
      <LastUpdateTime />
    </Product>
    <Product>
      <PriceUpdateDate>2019/04/15 09:57</PriceUpdateDate>
      <ItemCode>7290014205185</ItemCode>
      <ItemType>1</ItemType>
      <ItemName>צלחת   ענק"שווה"צבעוני 25</ItemName>
      <ManufactureName>ח.כהן סוכנות מזון ומשקאות בע</ManufactureName>
      <ManufactureCountry />
      <ManufactureItemDescription />
      <UnitQty>י"ח</UnitQty>
      <Quantity>25</Quantity>
      <UnitMeasure>י"ח</UnitMeasure>
      <BisWeighted>0</BisWeighted>
      <QtyInPackage>1</QtyInPackage>
      <ItemPrice>11.90</ItemPrice>
      <UnitOfMeasurePrice>0.48</UnitOfMeasurePrice>
      <AllowDiscount>1</AllowDiscount>
      <itemStatus>1</itemStatus>
      <LastUpdateDate />
      <LastUpdateTime />
    </Product>
    <Product>
      <PriceUpdateDate>2015/04/13 14:41</PriceUpdateDate>
      <ItemCode>7290014205208</ItemCode>
      <ItemType>1</ItemType>
      <ItemName>סכינים   שקוף"שווה"50</ItemName>
      <ManufactureName>ח.כהן סוכנות מזון ומשקאות בע</ManufactureName>
      <ManufactureCountry />
      <ManufactureItemDescription />
      <UnitQty>י"ח</UnitQty>
      <Quantity>50</Quantity>
      <UnitMeasure>י"ח</UnitMeasure>
      <BisWeighted>0</BisWeighted>
      <QtyInPackage>1</QtyInPackage>
      <ItemPrice>7.90</ItemPrice>
      <UnitOfMeasurePrice>0.16</UnitOfMeasurePrice>
      <AllowDiscount>1</AllowDiscount>
      <itemStatus>1</itemStatus>
      <LastUpdateDate />
      <LastUpdateTime />
    </Product>
    <Product>
      <PriceUpdateDate>2015/04/13 14:41</PriceUpdateDate>
      <ItemCode>7290014205215</ItemCode>
      <ItemType>1</ItemType>
      <ItemName>כפות   שקוף"שווה"50</ItemName>
      <ManufactureName>ח.כהן סוכנות מזון ומשקאות בע</ManufactureName>
      <ManufactureCountry />
      <ManufactureItemDescription />
      <UnitQty>י"ח</UnitQty>
      <Quantity>50</Quantity>
      <UnitMeasure>י"ח</UnitMeasure>
      <BisWeighted>0</BisWeighted>
      <QtyInPackage>1</QtyInPackage>
      <ItemPrice>7.90</ItemPrice>
      <UnitOfMeasurePrice>0.16</UnitOfMeasurePrice>
      <AllowDiscount>1</AllowDiscount>
      <itemStatus>1</itemStatus>
      <LastUpdateDate />
      <LastUpdateTime />
    </Product>
    <Product>
      <PriceUpdateDate>2015/06/19 10:26</PriceUpdateDate>
      <ItemCode>7290014205222</ItemCode>
      <ItemType>1</ItemType>
      <ItemName>כפיות   שקוף"שווה"50</ItemName>
      <ManufactureName>ח.כהן סוכנות מזון ומשקאות בע</ManufactureName>
      <ManufactureCountry />
      <ManufactureItemDescription />
      <UnitQty>י"ח</UnitQty>
      <Quantity>50</Quantity>
      <UnitMeasure>י"ח</UnitMeasure>
      <BisWeighted>0</BisWeighted>
      <QtyInPackage>1</QtyInPackage>
      <ItemPrice>7.90</ItemPrice>
      <UnitOfMeasurePrice>0.16</UnitOfMeasurePrice>
      <AllowDiscount>1</AllowDiscount>
      <itemStatus>1</itemStatus>
      <LastUpdateDate />
      <LastUpdateTime />
    </Product>
    <Product>
      <PriceUpdateDate>2015/04/13 14:41</PriceUpdateDate>
      <ItemCode>7290014205239</ItemCode>
      <ItemType>1</ItemType>
      <ItemName>מזלגות   שקוף"שווה"50</ItemName>
      <ManufactureName>ח.כהן סוכנות מזון ומשקאות בע</ManufactureName>
      <ManufactureCountry />
      <ManufactureItemDescription />
      <UnitQty>י"ח</UnitQty>
      <Quantity>50</Quantity>
      <UnitMeasure>י"ח</UnitMeasure>
      <BisWeighted>0</BisWeighted>
      <QtyInPackage>1</QtyInPackage>
      <ItemPrice>7.90</ItemPrice>
      <UnitOfMeasurePrice>0.16</UnitOfMeasurePrice>
      <AllowDiscount>1</AllowDiscount>
      <itemStatus>1</itemStatus>
      <LastUpdateDate />
      <LastUpdateTime />
    </Product>
    <Product>
      <PriceUpdateDate>2015/04/13 14:41</PriceUpdateDate>
      <ItemCode>7290014205468</ItemCode>
      <ItemType>1</ItemType>
      <ItemName>כוסות  נייר גודל 10 שווה</ItemName>
      <ManufactureName>ח.כהן סוכנות מזון ומשקאות בע</ManufactureName>
      <ManufactureCountry />
      <ManufactureItemDescription />
      <UnitQty />
      <Quantity>10</Quantity>
      <UnitMeasure>י"ח</UnitMeasure>
      <BisWeighted>0</BisWeighted>
      <QtyInPackage>1</QtyInPackage>
      <ItemPrice>11.90</ItemPrice>
      <UnitOfMeasurePrice>1.19</UnitOfMeasurePrice>
      <AllowDiscount>0</AllowDiscount>
      <itemStatus>1</itemStatus>
      <LastUpdateDate />
      <LastUpdateTime />
    </Product>
    <Product>
      <PriceUpdateDate>2016/01/31 13:13</PriceUpdateDate>
      <ItemCode>7290014205475</ItemCode>
      <ItemType>1</ItemType>
      <ItemName>כוסות נייר גודל 12 שווה"</ItemName>
      <ManufactureName>ח.כהן סוכנות מזון ומשקאות בע</ManufactureName>
      <ManufactureCountry />
      <ManufactureItemDescription />
      <UnitQty>י"ח</UnitQty>
      <Quantity>50</Quantity>
      <UnitMeasure>י"ח</UnitMeasure>
      <BisWeighted>0</BisWeighted>
      <QtyInPackage>1</QtyInPackage>
      <ItemPrice>12.90</ItemPrice>
      <UnitOfMeasurePrice>0.26</UnitOfMeasurePrice>
      <AllowDiscount>0</AllowDiscount>
      <itemStatus>1</itemStatus>
      <LastUpdateDate />
      <LastUpdateTime />
    </Product>
    <Product>
      <PriceUpdateDate>2018/10/22 10:43</PriceUpdateDate>
      <ItemCode>7290014205659</ItemCode>
      <ItemType>1</ItemType>
      <ItemName>לבבות דקל שלם  400ג שווה</ItemName>
      <ManufactureName>ח.כהן סוכנות מזון ומשקאות בע</ManufactureName>
      <ManufactureCountry />
      <ManufactureItemDescription />
      <UnitQty>י"ח</UnitQty>
      <Quantity>400</Quantity>
      <UnitMeasure>ל  גרם</UnitMeasure>
      <BisWeighted>0</BisWeighted>
      <QtyInPackage>1</QtyInPackage>
      <ItemPrice>8.90</ItemPrice>
      <UnitOfMeasurePrice>2.23</UnitOfMeasurePrice>
      <AllowDiscount>1</AllowDiscount>
      <itemStatus>1</itemStatus>
      <LastUpdateDate />
      <LastUpdateTime />
    </Product>
    <Product>
      <PriceUpdateDate>2017/12/20 11:44</PriceUpdateDate>
      <ItemCode>7290014205703</ItemCode>
      <ItemType>1</ItemType>
      <ItemName>אננס חתוך 850 ג"שווה"</ItemName>
      <ManufactureName>ח.כהן סוכנות מזון ומשקאות בע</ManufactureName>
      <ManufactureCountry />
      <ManufactureItemDescription />
      <UnitQty>י"ח</UnitQty>
      <Quantity>850</Quantity>
      <UnitMeasure>ל  גרם</UnitMeasure>
      <BisWeighted>0</BisWeighted>
      <QtyInPackage>1</QtyInPackage>
      <ItemPrice>6.90</ItemPrice>
      <UnitOfMeasurePrice>0.81</UnitOfMeasurePrice>
      <AllowDiscount>0</AllowDiscount>
      <itemStatus>1</itemStatus>
      <LastUpdateDate />
      <LastUpdateTime />
    </Product>
    <Product>
      <PriceUpdateDate>2016/11/16 12:39</PriceUpdateDate>
      <ItemCode>7290014205741</ItemCode>
      <ItemType>1</ItemType>
      <ItemName>מפה גליל  25 מטר "שווה"</ItemName>
      <ManufactureName>ח.כהן סוכנות מזון ומשקאות בע</ManufactureName>
      <ManufactureCountry />
      <ManufactureItemDescription />
      <UnitQty>י"ח</UnitQty>
      <Quantity>25</Quantity>
      <UnitMeasure>מטר</UnitMeasure>
      <BisWeighted>0</BisWeighted>
      <QtyInPackage>1</QtyInPackage>
      <ItemPrice>19.90</ItemPrice>
      <UnitOfMeasurePrice>0.80</UnitOfMeasurePrice>
      <AllowDiscount>1</AllowDiscount>
      <itemStatus>1</itemStatus>
      <LastUpdateDate />
      <LastUpdateTime />
    </Product>
    <Product>
      <PriceUpdateDate>2016/09/19 15:43</PriceUpdateDate>
      <ItemCode>7290014205758</ItemCode>
      <ItemType>1</ItemType>
      <ItemName>מפת שולחן 1/6 עבה שווה</ItemName>
      <ManufactureName>ח.כהן סוכנות מזון ומשקאות בע</ManufactureName>
      <ManufactureCountry />
      <ManufactureItemDescription />
      <UnitQty>י"ח</UnitQty>
      <Quantity>6</Quantity>
      <UnitMeasure>י"ח</UnitMeasure>
      <BisWeighted>0</BisWeighted>
      <QtyInPackage>1</QtyInPackage>
      <ItemPrice>9.90</ItemPrice>
      <UnitOfMeasurePrice>1.65</UnitOfMeasurePrice>
      <AllowDiscount>0</AllowDiscount>
      <itemStatus>1</itemStatus>
      <LastUpdateDate />
      <LastUpdateTime />
    </Product>
    <Product>
      <PriceUpdateDate>2017/05/01 09:34</PriceUpdateDate>
      <ItemCode>7290014205765</ItemCode>
      <ItemType>1</ItemType>
      <ItemName>מפות שולחן 8* עבה במיוחד 1.35/2.4 מ`שו</ItemName>
      <ManufactureName>ח.כהן סוכנות מזון ומשקאות בע</ManufactureName>
      <ManufactureCountry />
      <ManufactureItemDescription />
      <UnitQty>י"ח</UnitQty>
      <Quantity>25</Quantity>
      <UnitMeasure>י"ח</UnitMeasure>
      <BisWeighted>0</BisWeighted>
      <QtyInPackage>1</QtyInPackage>
      <ItemPrice>9.90</ItemPrice>
      <UnitOfMeasurePrice>0.40</UnitOfMeasurePrice>
      <AllowDiscount>0</AllowDiscount>
      <itemStatus>1</itemStatus>
      <LastUpdateDate />
      <LastUpdateTime />
    </Product>
    <Product>
      <PriceUpdateDate>2017/12/19 12:44</PriceUpdateDate>
      <ItemCode>7290014205826</ItemCode>
      <ItemType>1</ItemType>
      <ItemName>שקיות אשפה ירוק 52/65 שרוך שווה 50יח</ItemName>
      <ManufactureName>ח.כהן סוכנות מזון ומשקאות בע</ManufactureName>
      <ManufactureCountry />
      <ManufactureItemDescription />
      <UnitQty>י"ח</UnitQty>
      <Quantity>50</Quantity>
      <UnitMeasure>י"ח</UnitMeasure>
      <BisWeighted>0</BisWeighted>
      <QtyInPackage>1</QtyInPackage>
      <ItemPrice>14.90</ItemPrice>
      <UnitOfMeasurePrice>0.30</UnitOfMeasurePrice>
      <AllowDiscount>0</AllowDiscount>
      <itemStatus>1</itemStatus>
      <LastUpdateDate />
      <LastUpdateTime />
    </Product>
    <Product>
      <PriceUpdateDate>2017/12/20 15:52</PriceUpdateDate>
      <ItemCode>7290014205864</ItemCode>
      <ItemType>1</ItemType>
      <ItemName>שקיות כתום  75/90  "שווה" 50יח</ItemName>
      <ManufactureName>ח.כהן סוכנות מזון ומשקאות בע</ManufactureName>
      <ManufactureCountry />
      <ManufactureItemDescription />
      <UnitQty>י"ח</UnitQty>
      <Quantity>50</Quantity>
      <UnitMeasure>י"ח</UnitMeasure>
      <BisWeighted>0</BisWeighted>
      <QtyInPackage>1</QtyInPackage>
      <ItemPrice>8.90</ItemPrice>
      <UnitOfMeasurePrice>0.18</UnitOfMeasurePrice>
      <AllowDiscount>0</AllowDiscount>
      <itemStatus>1</itemStatus>
      <LastUpdateDate />
      <LastUpdateTime />
    </Product>
    <Product>
      <PriceUpdateDate>2017/11/20 14:54</PriceUpdateDate>
      <ItemCode>7290014206007</ItemCode>
      <ItemType>1</ItemType>
      <ItemName>תבניות נייר אינגליש 1/5</ItemName>
      <ManufactureName>ח.כהן סוכנות מזון ומשקאות בע</ManufactureName>
      <ManufactureCountry />
      <ManufactureItemDescription />
      <UnitQty>י"ח</UnitQty>
      <Quantity>12</Quantity>
      <UnitMeasure>י"ח</UnitMeasure>
      <BisWeighted>0</BisWeighted>
      <QtyInPackage>1</QtyInPackage>
      <ItemPrice>8.90</ItemPrice>
      <UnitOfMeasurePrice>0.74</UnitOfMeasurePrice>
      <AllowDiscount>1</AllowDiscount>
      <itemStatus>1</itemStatus>
      <LastUpdateDate />
      <LastUpdateTime />
    </Product>
    <Product>
      <PriceUpdateDate>2018/06/13 09:21</PriceUpdateDate>
      <ItemCode>7290014206250</ItemCode>
      <ItemType>1</ItemType>
      <ItemName>מפיות נייר 1/80 מעוטרות שווה</ItemName>
      <ManufactureName>ח.כהן סוכנות מזון ומשקאות בע</ManufactureName>
      <ManufactureCountry />
      <ManufactureItemDescription />
      <UnitQty>י"ח</UnitQty>
      <Quantity>80</Quantity>
      <UnitMeasure>י"ח</UnitMeasure>
      <BisWeighted>0</BisWeighted>
      <QtyInPackage>1</QtyInPackage>
      <ItemPrice>5.90</ItemPrice>
      <UnitOfMeasurePrice>0.07</UnitOfMeasurePrice>
      <AllowDiscount>1</AllowDiscount>
      <itemStatus>1</itemStatus>
      <LastUpdateDate />
      <LastUpdateTime />
    </Product>
    <Product>
      <PriceUpdateDate>2018/11/26 10:14</PriceUpdateDate>
      <ItemCode>7290014206274</ItemCode>
      <ItemType>1</ItemType>
      <ItemName>גפרור אקסטרה לארג שווה</ItemName>
      <ManufactureName>ח.כהן סוכנות מזון ומשקאות בע</ManufactureName>
      <ManufactureCountry />
      <ManufactureItemDescription />
      <UnitQty>י"ח</UnitQty>
      <Quantity>1</Quantity>
      <UnitMeasure />
      <BisWeighted>0</BisWeighted>
      <QtyInPackage>1</QtyInPackage>
      <ItemPrice>6.90</ItemPrice>
      <UnitOfMeasurePrice>6.90</UnitOfMeasurePrice>
      <AllowDiscount>1</AllowDiscount>
      <itemStatus>1</itemStatus>
      <LastUpdateDate />
      <LastUpdateTime />
    </Product>
    <Product>
      <PriceUpdateDate>2018/05/08 11:37</PriceUpdateDate>
      <ItemCode>7290014206311</ItemCode>
      <ItemType>1</ItemType>
      <ItemName>מרקיה תפארת  10יח שווה</ItemName>
      <ManufactureName>ח.כהן סוכנות מזון ומשקאות בע</ManufactureName>
      <ManufactureCountry />
      <ManufactureItemDescription />
      <UnitQty>י"ח</UnitQty>
      <Quantity>10</Quantity>
      <UnitMeasure>י"ח</UnitMeasure>
      <BisWeighted>0</BisWeighted>
      <QtyInPackage>1</QtyInPackage>
      <ItemPrice>11.90</ItemPrice>
      <UnitOfMeasurePrice>1.19</UnitOfMeasurePrice>
      <AllowDiscount>1</AllowDiscount>
      <itemStatus>1</itemStatus>
      <LastUpdateDate />
      <LastUpdateTime />
    </Product>
    <Product>
      <PriceUpdateDate>2018/05/08 11:38</PriceUpdateDate>
      <ItemCode>7290014206335</ItemCode>
      <ItemType>1</ItemType>
      <ItemName>צלחת בגדולה  תפארת  10יח שווה</ItemName>
      <ManufactureName>ח.כהן סוכנות מזון ומשקאות בע</ManufactureName>
      <ManufactureCountry />
      <ManufactureItemDescription />
      <UnitQty>י"ח</UnitQty>
      <Quantity>10</Quantity>
      <UnitMeasure>י"ח</UnitMeasure>
      <BisWeighted>0</BisWeighted>
      <QtyInPackage>1</QtyInPackage>
      <ItemPrice>13.90</ItemPrice>
      <UnitOfMeasurePrice>1.39</UnitOfMeasurePrice>
      <AllowDiscount>1</AllowDiscount>
      <itemStatus>1</itemStatus>
      <LastUpdateDate />
      <LastUpdateTime />
    </Product>
    <Product>
      <PriceUpdateDate>2020/04/27 08:18</PriceUpdateDate>
      <ItemCode>7290014206533</ItemCode>
      <ItemType>1</ItemType>
      <ItemName>מפת פלנל עם גומי הקפי שווה</ItemName>
      <ManufactureName>ח.כהן סוכנות מזון ומשקאות בע</ManufactureName>
      <ManufactureCountry />
      <ManufactureItemDescription />
      <UnitQty>י"ח</UnitQty>
      <Quantity>5</Quantity>
      <UnitMeasure>י"ח</UnitMeasure>
      <BisWeighted>0</BisWeighted>
      <QtyInPackage>1</QtyInPackage>
      <ItemPrice>17.90</ItemPrice>
      <UnitOfMeasurePrice>3.58</UnitOfMeasurePrice>
      <AllowDiscount>1</AllowDiscount>
      <itemStatus>1</itemStatus>
      <LastUpdateDate />
      <LastUpdateTime />
    </Product>
    <Product>
      <PriceUpdateDate>2020/04/27 08:18</PriceUpdateDate>
      <ItemCode>7290014206601</ItemCode>
      <ItemType>1</ItemType>
      <ItemName>רדיד אלומניום קצר שלישייה שווה</ItemName>
      <ManufactureName>ח.כהן סוכנות מזון ומשקאות בע</ManufactureName>
      <ManufactureCountry />
      <ManufactureItemDescription />
      <UnitQty>י"ח</UnitQty>
      <Quantity>1</Quantity>
      <UnitMeasure>י"ח</UnitMeasure>
      <BisWeighted>0</BisWeighted>
      <QtyInPackage>1</QtyInPackage>
      <ItemPrice>12.90</ItemPrice>
      <UnitOfMeasurePrice>12.90</UnitOfMeasurePrice>
      <AllowDiscount>1</AllowDiscount>
      <itemStatus>1</itemStatus>
      <LastUpdateDate />
      <LastUpdateTime />
    </Product>
    <Product>
      <PriceUpdateDate>2018/10/18 17:06</PriceUpdateDate>
      <ItemCode>7290014206854</ItemCode>
      <ItemType>1</ItemType>
      <ItemName>סרדינים פלפל צ`ילי 125גר שווה מרוקו</ItemName>
      <ManufactureName>ח.כהן סוכנות מזון ומשקאות בע</ManufactureName>
      <ManufactureCountry />
      <ManufactureItemDescription />
      <UnitQty>י"ח</UnitQty>
      <Quantity>125</Quantity>
      <UnitMeasure>ל  גרם</UnitMeasure>
      <BisWeighted>0</BisWeighted>
      <QtyInPackage>1</QtyInPackage>
      <ItemPrice>4.90</ItemPrice>
      <UnitOfMeasurePrice>3.92</UnitOfMeasurePrice>
      <AllowDiscount>0</AllowDiscount>
      <itemStatus>1</itemStatus>
      <LastUpdateDate />
      <LastUpdateTime />
    </Product>
    <Product>
      <PriceUpdateDate>2018/08/23 11:04</PriceUpdateDate>
      <ItemCode>7290014206922</ItemCode>
      <ItemType>1</ItemType>
      <ItemName>קערית אובלית קשוף  "שווה" 20יח</ItemName>
      <ManufactureName>ח.כהן סוכנות מזון ומשקאות בע</ManufactureName>
      <ManufactureCountry />
      <ManufactureItemDescription />
      <UnitQty>י"ח</UnitQty>
      <Quantity>2000</Quantity>
      <UnitMeasure>ל  גרם</UnitMeasure>
      <BisWeighted>0</BisWeighted>
      <QtyInPackage>1</QtyInPackage>
      <ItemPrice>5.90</ItemPrice>
      <UnitOfMeasurePrice>0.30</UnitOfMeasurePrice>
      <AllowDiscount>1</AllowDiscount>
      <itemStatus>1</itemStatus>
      <LastUpdateDate />
      <LastUpdateTime />
    </Product>
    <Product>
      <PriceUpdateDate>2018/08/23 11:10</PriceUpdateDate>
      <ItemCode>7290014206939</ItemCode>
      <ItemType>1</ItemType>
      <ItemName>מרקיה קשופה  "שווה" 20יח</ItemName>
      <ManufactureName>ח.כהן סוכנות מזון ומשקאות בע</ManufactureName>
      <ManufactureCountry />
      <ManufactureItemDescription />
      <UnitQty>י"ח</UnitQty>
      <Quantity>2000</Quantity>
      <UnitMeasure>ל  גרם</UnitMeasure>
      <BisWeighted>0</BisWeighted>
      <QtyInPackage>1</QtyInPackage>
      <ItemPrice>7.90</ItemPrice>
      <UnitOfMeasurePrice>0.40</UnitOfMeasurePrice>
      <AllowDiscount>1</AllowDiscount>
      <itemStatus>1</itemStatus>
      <LastUpdateDate />
      <LastUpdateTime />
    </Product>
    <Product>
      <PriceUpdateDate>2018/08/23 11:13</PriceUpdateDate>
      <ItemCode>7290014206960</ItemCode>
      <ItemType>1</ItemType>
      <ItemName>צלחת ענקית קשופה  "שווה" 20יח</ItemName>
      <ManufactureName>ח.כהן סוכנות מזון ומשקאות בע</ManufactureName>
      <ManufactureCountry />
      <ManufactureItemDescription />
      <UnitQty>י"ח</UnitQty>
      <Quantity>2000</Quantity>
      <UnitMeasure>ל  גרם</UnitMeasure>
      <BisWeighted>0</BisWeighted>
      <QtyInPackage>1</QtyInPackage>
      <ItemPrice>16.90</ItemPrice>
      <UnitOfMeasurePrice>0.85</UnitOfMeasurePrice>
      <AllowDiscount>1</AllowDiscount>
      <itemStatus>1</itemStatus>
      <LastUpdateDate />
      <LastUpdateTime />
    </Product>
    <Product>
      <PriceUpdateDate>2015/10/13 12:35</PriceUpdateDate>
      <ItemCode>7290014218291</ItemCode>
      <ItemType>1</ItemType>
      <ItemName>בצק פילו 500גר</ItemName>
      <ManufactureName>תנובה בשר</ManufactureName>
      <ManufactureCountry />
      <ManufactureItemDescription />
      <UnitQty>י"ח</UnitQty>
      <Quantity>500</Quantity>
      <UnitMeasure>ל  גרם</UnitMeasure>
      <BisWeighted>0</BisWeighted>
      <QtyInPackage>1</QtyInPackage>
      <ItemPrice>21.90</ItemPrice>
      <UnitOfMeasurePrice>4.38</UnitOfMeasurePrice>
      <AllowDiscount>1</AllowDiscount>
      <itemStatus>1</itemStatus>
      <LastUpdateDate />
      <LastUpdateTime />
    </Product>
    <Product>
      <PriceUpdateDate>2016/01/08 09:44</PriceUpdateDate>
      <ItemCode>7290014218338</ItemCode>
      <ItemType>1</ItemType>
      <ItemName>בורקס יפו מעדנות תפו"א  600ג</ItemName>
      <ManufactureName>תנובה בשר</ManufactureName>
      <ManufactureCountry />
      <ManufactureItemDescription />
      <UnitQty>י"ח</UnitQty>
      <Quantity>600</Quantity>
      <UnitMeasure>ל  גרם</UnitMeasure>
      <BisWeighted>0</BisWeighted>
      <QtyInPackage>1</QtyInPackage>
      <ItemPrice>15.90</ItemPrice>
      <UnitOfMeasurePrice>2.65</UnitOfMeasurePrice>
      <AllowDiscount>1</AllowDiscount>
      <itemStatus>1</itemStatus>
      <LastUpdateDate />
      <LastUpdateTime />
    </Product>
    <Product>
      <PriceUpdateDate>2019/09/09 09:29</PriceUpdateDate>
      <ItemCode>7290014218505</ItemCode>
      <ItemType>1</ItemType>
      <ItemName>שלישיית פיצות בחבק *360ג</ItemName>
      <ManufactureName>תנובה בשר</ManufactureName>
      <ManufactureCountry />
      <ManufactureItemDescription />
      <UnitQty>י"ח</UnitQty>
      <Quantity>1.08</Quantity>
      <UnitMeasure>ק"ג</UnitMeasure>
      <BisWeighted>0</BisWeighted>
      <QtyInPackage>1</QtyInPackage>
      <ItemPrice>29.90</ItemPrice>
      <UnitOfMeasurePrice>27.69</UnitOfMeasurePrice>
      <AllowDiscount>1</AllowDiscount>
      <itemStatus>1</itemStatus>
      <LastUpdateDate />
      <LastUpdateTime />
    </Product>
    <Product>
      <PriceUpdateDate>2018/05/09 10:36</PriceUpdateDate>
      <ItemCode>7290014218536</ItemCode>
      <ItemType>1</ItemType>
      <ItemName>בצק עלים מופחת שומן 1ק"ג</ItemName>
      <ManufactureName>תנובה בשר</ManufactureName>
      <ManufactureCountry />
      <ManufactureItemDescription />
      <UnitQty>י"ח</UnitQty>
      <Quantity>1</Quantity>
      <UnitMeasure>ק"ג</UnitMeasure>
      <BisWeighted>0</BisWeighted>
      <QtyInPackage>1</QtyInPackage>
      <ItemPrice>21.90</ItemPrice>
      <UnitOfMeasurePrice>21.90</UnitOfMeasurePrice>
      <AllowDiscount>1</AllowDiscount>
      <itemStatus>1</itemStatus>
      <LastUpdateDate />
      <LastUpdateTime />
    </Product>
    <Product>
      <PriceUpdateDate>2019/04/15 09:39</PriceUpdateDate>
      <ItemCode>7290014218932</ItemCode>
      <ItemType>1</ItemType>
      <ItemName>חטיפי פיצה  עם זיתים מעדנות</ItemName>
      <ManufactureName>תנובה בשר</ManufactureName>
      <ManufactureCountry />
      <ManufactureItemDescription />
      <UnitQty>י"ח</UnitQty>
      <Quantity>710</Quantity>
      <UnitMeasure>ל  גרם</UnitMeasure>
      <BisWeighted>0</BisWeighted>
      <QtyInPackage>1</QtyInPackage>
      <ItemPrice>32.90</ItemPrice>
      <UnitOfMeasurePrice>4.63</UnitOfMeasurePrice>
      <AllowDiscount>1</AllowDiscount>
      <itemStatus>1</itemStatus>
      <LastUpdateDate />
      <LastUpdateTime />
    </Product>
    <Product>
      <PriceUpdateDate>2017/03/31 10:50</PriceUpdateDate>
      <ItemCode>7290014256620</ItemCode>
      <ItemType>1</ItemType>
      <ItemName>יין אדום יאנג סלקטד BUZZ</ItemName>
      <ManufactureName>אגודת הכורמים -כרמל מזרחי</ManufactureName>
      <ManufactureCountry />
      <ManufactureItemDescription />
      <UnitQty>י"ח</UnitQty>
      <Quantity>750</Quantity>
      <UnitMeasure>ל  מ"ל</UnitMeasure>
      <BisWeighted>0</BisWeighted>
      <QtyInPackage>1</QtyInPackage>
      <ItemPrice>27</ItemPrice>
      <UnitOfMeasurePrice>3.56</UnitOfMeasurePrice>
      <AllowDiscount>1</AllowDiscount>
      <itemStatus>1</itemStatus>
      <LastUpdateDate />
      <LastUpdateTime />
    </Product>
    <Product>
      <PriceUpdateDate>2017/09/28 16:20</PriceUpdateDate>
      <ItemCode>7290014258730</ItemCode>
      <ItemType>1</ItemType>
      <ItemName>מטרנה צמחית שלב2 בד"צ</ItemName>
      <ManufactureName>קבוצת אוסם סחר-שות.מוגבלת</ManufactureName>
      <ManufactureCountry />
      <ManufactureItemDescription />
      <UnitQty>י"ח</UnitQty>
      <Quantity>700</Quantity>
      <UnitMeasure>ל  גרם</UnitMeasure>
      <BisWeighted>0</BisWeighted>
      <QtyInPackage>1</QtyInPackage>
      <ItemPrice>59.90</ItemPrice>
      <UnitOfMeasurePrice>8.56</UnitOfMeasurePrice>
      <AllowDiscount>1</AllowDiscount>
      <itemStatus>1</itemStatus>
      <LastUpdateDate />
      <LastUpdateTime />
    </Product>
    <Product>
      <PriceUpdateDate>2017/03/26 09:03</PriceUpdateDate>
      <ItemCode>7290014258914</ItemCode>
      <ItemType>1</ItemType>
      <ItemName>מטרנה אקסטרה קר קומפורט 700גר</ItemName>
      <ManufactureName>קבוצת אוסם סחר-שות.מוגבלת</ManufactureName>
      <ManufactureCountry />
      <ManufactureItemDescription />
      <UnitQty>י"ח</UnitQty>
      <Quantity>675</Quantity>
      <UnitMeasure>ל  גרם</UnitMeasure>
      <BisWeighted>0</BisWeighted>
      <QtyInPackage>1</QtyInPackage>
      <ItemPrice>68.90</ItemPrice>
      <UnitOfMeasurePrice>10.21</UnitOfMeasurePrice>
      <AllowDiscount>0</AllowDiscount>
      <itemStatus>1</itemStatus>
      <LastUpdateDate />
      <LastUpdateTime />
    </Product>
    <Product>
      <PriceUpdateDate>2019/01/08 15:05</PriceUpdateDate>
      <ItemCode>7290014288058</ItemCode>
      <ItemType>1</ItemType>
      <ItemName>להבונים 50 שקית  "שווה"</ItemName>
      <ManufactureName>ח.כהן סוכנות מזון ומשקאות בע</ManufactureName>
      <ManufactureCountry />
      <ManufactureItemDescription />
      <UnitQty>י"ח</UnitQty>
      <Quantity>1</Quantity>
      <UnitMeasure />
      <BisWeighted>0</BisWeighted>
      <QtyInPackage>1</QtyInPackage>
      <ItemPrice>9.90</ItemPrice>
      <UnitOfMeasurePrice>9.90</UnitOfMeasurePrice>
      <AllowDiscount>0</AllowDiscount>
      <itemStatus>1</itemStatus>
      <LastUpdateDate />
      <LastUpdateTime />
    </Product>
    <Product>
      <PriceUpdateDate>2017/06/28 11:03</PriceUpdateDate>
      <ItemCode>7290014288195</ItemCode>
      <ItemType>1</ItemType>
      <ItemName>מפת שולחן אל בד 1.8/1.1</ItemName>
      <ManufactureName>ח.כהן סוכנות מזון ומשקאות בע</ManufactureName>
      <ManufactureCountry />
      <ManufactureItemDescription />
      <UnitQty>י"ח</UnitQty>
      <Quantity>1.80</Quantity>
      <UnitMeasure>מטר</UnitMeasure>
      <BisWeighted>0</BisWeighted>
      <QtyInPackage>1</QtyInPackage>
      <ItemPrice>4.90</ItemPrice>
      <UnitOfMeasurePrice>2.72</UnitOfMeasurePrice>
      <AllowDiscount>1</AllowDiscount>
      <itemStatus>1</itemStatus>
      <LastUpdateDate />
      <LastUpdateTime />
    </Product>
    <Product>
      <PriceUpdateDate>2016/08/16 11:38</PriceUpdateDate>
      <ItemCode>7290014288287</ItemCode>
      <ItemType>1</ItemType>
      <ItemName>גליל אלבד חלק 20 מטר  שווה</ItemName>
      <ManufactureName>ח.כהן סוכנות מזון ומשקאות בע</ManufactureName>
      <ManufactureCountry />
      <ManufactureItemDescription />
      <UnitQty />
      <Quantity>1</Quantity>
      <UnitMeasure />
      <BisWeighted>0</BisWeighted>
      <QtyInPackage>1</QtyInPackage>
      <ItemPrice>24.90</ItemPrice>
      <UnitOfMeasurePrice>24.90</UnitOfMeasurePrice>
      <AllowDiscount>1</AllowDiscount>
      <itemStatus>1</itemStatus>
      <LastUpdateDate />
      <LastUpdateTime />
    </Product>
    <Product>
      <PriceUpdateDate>2016/03/27 12:35</PriceUpdateDate>
      <ItemCode>7290014288294</ItemCode>
      <ItemType>1</ItemType>
      <ItemName>גליל אלבד עם ראנר 20 מטר  שווה</ItemName>
      <ManufactureName>ח.כהן סוכנות מזון ומשקאות בע</ManufactureName>
      <ManufactureCountry />
      <ManufactureItemDescription />
      <UnitQty />
      <Quantity>1</Quantity>
      <UnitMeasure />
      <BisWeighted>0</BisWeighted>
      <QtyInPackage>1</QtyInPackage>
      <ItemPrice>29.90</ItemPrice>
      <UnitOfMeasurePrice>29.90</UnitOfMeasurePrice>
      <AllowDiscount>1</AllowDiscount>
      <itemStatus>1</itemStatus>
      <LastUpdateDate />
      <LastUpdateTime />
    </Product>
    <Product>
      <PriceUpdateDate>2017/09/24 16:44</PriceUpdateDate>
      <ItemCode>7290014288317</ItemCode>
      <ItemType>1</ItemType>
      <ItemName>טורטיה 6יח 420ג שווה</ItemName>
      <ManufactureName>ח.כהן סוכנות מזון ומשקאות בע</ManufactureName>
      <ManufactureCountry />
      <ManufactureItemDescription />
      <UnitQty>י"ח</UnitQty>
      <Quantity>320</Quantity>
      <UnitMeasure>ל  גרם</UnitMeasure>
      <BisWeighted>0</BisWeighted>
      <QtyInPackage>1</QtyInPackage>
      <ItemPrice>10.90</ItemPrice>
      <UnitOfMeasurePrice>3.41</UnitOfMeasurePrice>
      <AllowDiscount>0</AllowDiscount>
      <itemStatus>1</itemStatus>
      <LastUpdateDate />
      <LastUpdateTime />
    </Product>
    <Product>
      <PriceUpdateDate>2018/01/10 13:50</PriceUpdateDate>
      <ItemCode>7290014288324</ItemCode>
      <ItemType>1</ItemType>
      <ItemName>טורטיה קמח מלא 8יח 320ג שווה</ItemName>
      <ManufactureName>ח.כהן סוכנות מזון ומשקאות בע</ManufactureName>
      <ManufactureCountry />
      <ManufactureItemDescription />
      <UnitQty>י"ח</UnitQty>
      <Quantity>320</Quantity>
      <UnitMeasure>ל  גרם</UnitMeasure>
      <BisWeighted>0</BisWeighted>
      <QtyInPackage>1</QtyInPackage>
      <ItemPrice>10.90</ItemPrice>
      <UnitOfMeasurePrice>3.41</UnitOfMeasurePrice>
      <AllowDiscount>0</AllowDiscount>
      <itemStatus>1</itemStatus>
      <LastUpdateDate />
      <LastUpdateTime />
    </Product>
    <Product>
      <PriceUpdateDate>2016/07/04 15:37</PriceUpdateDate>
      <ItemCode>7290014288379</ItemCode>
      <ItemType>1</ItemType>
      <ItemName>ערמונים 100ג שווה</ItemName>
      <ManufactureName>ח.כהן סוכנות מזון ומשקאות בע</ManufactureName>
      <ManufactureCountry />
      <ManufactureItemDescription />
      <UnitQty>י"ח</UnitQty>
      <Quantity>100</Quantity>
      <UnitMeasure>ל  גרם</UnitMeasure>
      <BisWeighted>0</BisWeighted>
      <QtyInPackage>1</QtyInPackage>
      <ItemPrice>4.90</ItemPrice>
      <UnitOfMeasurePrice>4.90</UnitOfMeasurePrice>
      <AllowDiscount>1</AllowDiscount>
      <itemStatus>1</itemStatus>
      <LastUpdateDate />
      <LastUpdateTime />
    </Product>
    <Product>
      <PriceUpdateDate>2016/08/16 12:00</PriceUpdateDate>
      <ItemCode>7290014288423</ItemCode>
      <ItemType>1</ItemType>
      <ItemName>נר נשמה 48ש   בזכוכית"שווה"</ItemName>
      <ManufactureName>ח.כהן סוכנות מזון ומשקאות בע</ManufactureName>
      <ManufactureCountry />
      <ManufactureItemDescription />
      <UnitQty>י"ח</UnitQty>
      <Quantity>1</Quantity>
      <UnitMeasure />
      <BisWeighted>0</BisWeighted>
      <QtyInPackage>1</QtyInPackage>
      <ItemPrice>4.50</ItemPrice>
      <UnitOfMeasurePrice>4.50</UnitOfMeasurePrice>
      <AllowDiscount>1</AllowDiscount>
      <itemStatus>1</itemStatus>
      <LastUpdateDate />
      <LastUpdateTime />
    </Product>
    <Product>
      <PriceUpdateDate>2019/04/15 09:57</PriceUpdateDate>
      <ItemCode>7290014288430</ItemCode>
      <ItemType>1</ItemType>
      <ItemName>נר נשמה 72ש   בזכוכית"שווה"</ItemName>
      <ManufactureName>ח.כהן סוכנות מזון ומשקאות בע</ManufactureName>
      <ManufactureCountry />
      <ManufactureItemDescription />
      <UnitQty>י"ח</UnitQty>
      <Quantity>1</Quantity>
      <UnitMeasure />
      <BisWeighted>0</BisWeighted>
      <QtyInPackage>1</QtyInPackage>
      <ItemPrice>5.50</ItemPrice>
      <UnitOfMeasurePrice>5.50</UnitOfMeasurePrice>
      <AllowDiscount>0</AllowDiscount>
      <itemStatus>1</itemStatus>
      <LastUpdateDate />
      <LastUpdateTime />
    </Product>
    <Product>
      <PriceUpdateDate>2016/03/16 10:36</PriceUpdateDate>
      <ItemCode>7290014288461</ItemCode>
      <ItemType>1</ItemType>
      <ItemName>נר נשמה פחית "שווה"</ItemName>
      <ManufactureName>ח.כהן סוכנות מזון ומשקאות בע</ManufactureName>
      <ManufactureCountry />
      <ManufactureItemDescription />
      <UnitQty>י"ח</UnitQty>
      <Quantity>1</Quantity>
      <UnitMeasure />
      <BisWeighted>0</BisWeighted>
      <QtyInPackage>1</QtyInPackage>
      <ItemPrice>1.90</ItemPrice>
      <UnitOfMeasurePrice>1.90</UnitOfMeasurePrice>
      <AllowDiscount>1</AllowDiscount>
      <itemStatus>1</itemStatus>
      <LastUpdateDate />
      <LastUpdateTime />
    </Product>
    <Product>
      <PriceUpdateDate>2018/06/25 09:37</PriceUpdateDate>
      <ItemCode>7290014288584</ItemCode>
      <ItemType>1</ItemType>
      <ItemName>נייר אפיה 50יח איכותי  שווה</ItemName>
      <ManufactureName>ח.כהן סוכנות מזון ומשקאות בע</ManufactureName>
      <ManufactureCountry />
      <ManufactureItemDescription />
      <UnitQty>י"ח</UnitQty>
      <Quantity>50</Quantity>
      <UnitMeasure>י"ח</UnitMeasure>
      <BisWeighted>0</BisWeighted>
      <QtyInPackage>1</QtyInPackage>
      <ItemPrice>9.90</ItemPrice>
      <UnitOfMeasurePrice>0.20</UnitOfMeasurePrice>
      <AllowDiscount>1</AllowDiscount>
      <itemStatus>1</itemStatus>
      <LastUpdateDate />
      <LastUpdateTime />
    </Product>
    <Product>
      <PriceUpdateDate>2016/02/15 15:01</PriceUpdateDate>
      <ItemCode>7290014288706</ItemCode>
      <ItemType>1</ItemType>
      <ItemName>קערת סלט ענקית 10יח שווה</ItemName>
      <ManufactureName>ח.כהן סוכנות מזון ומשקאות בע</ManufactureName>
      <ManufactureCountry />
      <ManufactureItemDescription />
      <UnitQty>י"ח</UnitQty>
      <Quantity>10</Quantity>
      <UnitMeasure>י"ח</UnitMeasure>
      <BisWeighted>0</BisWeighted>
      <QtyInPackage>1</QtyInPackage>
      <ItemPrice>7.90</ItemPrice>
      <UnitOfMeasurePrice>0.79</UnitOfMeasurePrice>
      <AllowDiscount>1</AllowDiscount>
      <itemStatus>1</itemStatus>
      <LastUpdateDate />
      <LastUpdateTime />
    </Product>
    <Product>
      <PriceUpdateDate>2016/01/11 11:09</PriceUpdateDate>
      <ItemCode>7290014288737</ItemCode>
      <ItemType>1</ItemType>
      <ItemName>כוסות חד פעמי מעוטרות 40יח 285מ"ל שווה</ItemName>
      <ManufactureName>ח.כהן סוכנות מזון ומשקאות בע</ManufactureName>
      <ManufactureCountry />
      <ManufactureItemDescription />
      <UnitQty>י"ח</UnitQty>
      <Quantity>40</Quantity>
      <UnitMeasure>י"ח</UnitMeasure>
      <BisWeighted>0</BisWeighted>
      <QtyInPackage>1</QtyInPackage>
      <ItemPrice>8.90</ItemPrice>
      <UnitOfMeasurePrice>0.22</UnitOfMeasurePrice>
      <AllowDiscount>1</AllowDiscount>
      <itemStatus>1</itemStatus>
      <LastUpdateDate />
      <LastUpdateTime />
    </Product>
    <Product>
      <PriceUpdateDate>2016/06/07 12:11</PriceUpdateDate>
      <ItemCode>7290014288843</ItemCode>
      <ItemType>1</ItemType>
      <ItemName>נרות שבת מספרים שווה</ItemName>
      <ManufactureName>ח.כהן סוכנות מזון ומשקאות בע</ManufactureName>
      <ManufactureCountry />
      <ManufactureItemDescription />
      <UnitQty>י"ח</UnitQty>
      <Quantity>1</Quantity>
      <UnitMeasure />
      <BisWeighted>0</BisWeighted>
      <QtyInPackage>1</QtyInPackage>
      <ItemPrice>2.90</ItemPrice>
      <UnitOfMeasurePrice>2.90</UnitOfMeasurePrice>
      <AllowDiscount>0</AllowDiscount>
      <itemStatus>1</itemStatus>
      <LastUpdateDate />
      <LastUpdateTime />
    </Product>
    <Product>
      <PriceUpdateDate>2017/06/05 14:43</PriceUpdateDate>
      <ItemCode>7290014298217</ItemCode>
      <ItemType>1</ItemType>
      <ItemName>בקבוק שתיה קטן  350 מ"ל</ItemName>
      <ManufactureName>מוסקו בעמ</ManufactureName>
      <ManufactureCountry />
      <ManufactureItemDescription />
      <UnitQty>י"ח</UnitQty>
      <Quantity>1</Quantity>
      <UnitMeasure />
      <BisWeighted>0</BisWeighted>
      <QtyInPackage>1</QtyInPackage>
      <ItemPrice>24.90</ItemPrice>
      <UnitOfMeasurePrice>24.90</UnitOfMeasurePrice>
      <AllowDiscount>0</AllowDiscount>
      <itemStatus>1</itemStatus>
      <LastUpdateDate />
      <LastUpdateTime />
    </Product>
    <Product>
      <PriceUpdateDate>2017/06/05 14:43</PriceUpdateDate>
      <ItemCode>7290014298989</ItemCode>
      <ItemType>1</ItemType>
      <ItemName>בקבוק שתיה ייחודי</ItemName>
      <ManufactureName>מוסקו בעמ</ManufactureName>
      <ManufactureCountry />
      <ManufactureItemDescription />
      <UnitQty>י"ח</UnitQty>
      <Quantity>1</Quantity>
      <UnitMeasure />
      <BisWeighted>0</BisWeighted>
      <QtyInPackage>1</QtyInPackage>
      <ItemPrice>39.90</ItemPrice>
      <UnitOfMeasurePrice>39.90</UnitOfMeasurePrice>
      <AllowDiscount>0</AllowDiscount>
      <itemStatus>1</itemStatus>
      <LastUpdateDate />
      <LastUpdateTime />
    </Product>
    <Product>
      <PriceUpdateDate>2015/10/14 11:23</PriceUpdateDate>
      <ItemCode>7290014325012</ItemCode>
      <ItemType>1</ItemType>
      <ItemName>ציה 200גר כשל"פ בית יוסף</ItemName>
      <ManufactureName>מיה תעשיות מזון מ.ת.מ בעמ</ManufactureName>
      <ManufactureCountry />
      <ManufactureItemDescription />
      <UnitQty>י"ח</UnitQty>
      <Quantity>200</Quantity>
      <UnitMeasure>ל  גרם</UnitMeasure>
      <BisWeighted>0</BisWeighted>
      <QtyInPackage>1</QtyInPackage>
      <ItemPrice>12.90</ItemPrice>
      <UnitOfMeasurePrice>6.45</UnitOfMeasurePrice>
      <AllowDiscount>0</AllowDiscount>
      <itemStatus>1</itemStatus>
      <LastUpdateDate />
      <LastUpdateTime />
    </Product>
    <Product>
      <PriceUpdateDate>2017/01/25 13:29</PriceUpdateDate>
      <ItemCode>7290014356061</ItemCode>
      <ItemType>1</ItemType>
      <ItemName>ספגטי 500גר שדות</ItemName>
      <ManufactureName>אחים אגא (א.מ.) שיווק</ManufactureName>
      <ManufactureCountry />
      <ManufactureItemDescription />
      <UnitQty>י"ח</UnitQty>
      <Quantity>500</Quantity>
      <UnitMeasure>ל  גרם</UnitMeasure>
      <BisWeighted>0</BisWeighted>
      <QtyInPackage>1</QtyInPackage>
      <ItemPrice>3.20</ItemPrice>
      <UnitOfMeasurePrice>0.64</UnitOfMeasurePrice>
      <AllowDiscount>1</AllowDiscount>
      <itemStatus>1</itemStatus>
      <LastUpdateDate />
      <LastUpdateTime />
    </Product>
    <Product>
      <PriceUpdateDate>2017/02/16 11:33</PriceUpdateDate>
      <ItemCode>7290014356085</ItemCode>
      <ItemType>1</ItemType>
      <ItemName>ספגטי 500גר שדות</ItemName>
      <ManufactureName>אחים אגא (א.מ.) שיווק</ManufactureName>
      <ManufactureCountry />
      <ManufactureItemDescription />
      <UnitQty>י"ח</UnitQty>
      <Quantity>500</Quantity>
      <UnitMeasure>ל  גרם</UnitMeasure>
      <BisWeighted>0</BisWeighted>
      <QtyInPackage>1</QtyInPackage>
      <ItemPrice>3.20</ItemPrice>
      <UnitOfMeasurePrice>0.64</UnitOfMeasurePrice>
      <AllowDiscount>1</AllowDiscount>
      <itemStatus>1</itemStatus>
      <LastUpdateDate />
      <LastUpdateTime />
    </Product>
    <Product>
      <PriceUpdateDate>2019/01/22 11:43</PriceUpdateDate>
      <ItemCode>7290014356269</ItemCode>
      <ItemType>1</ItemType>
      <ItemName>שמן קנולה  שדות 3  ליטר בד"ץ עדה חרדית</ItemName>
      <ManufactureName>אחים אגא (א.מ.) שיווק</ManufactureName>
      <ManufactureCountry />
      <ManufactureItemDescription />
      <UnitQty>י"ח</UnitQty>
      <Quantity>3</Quantity>
      <UnitMeasure>ליטר</UnitMeasure>
      <BisWeighted>0</BisWeighted>
      <QtyInPackage>1</QtyInPackage>
      <ItemPrice>21.90</ItemPrice>
      <UnitOfMeasurePrice>7.30</UnitOfMeasurePrice>
      <AllowDiscount>0</AllowDiscount>
      <itemStatus>1</itemStatus>
      <LastUpdateDate />
      <LastUpdateTime />
    </Product>
    <Product>
      <PriceUpdateDate>2017/02/16 11:34</PriceUpdateDate>
      <ItemCode>7290014356450</ItemCode>
      <ItemType>1</ItemType>
      <ItemName>ספגטי 500גר שדות</ItemName>
      <ManufactureName>אחים אגא (א.מ.) שיווק</ManufactureName>
      <ManufactureCountry />
      <ManufactureItemDescription />
      <UnitQty>י"ח</UnitQty>
      <Quantity>500</Quantity>
      <UnitMeasure>ל  גרם</UnitMeasure>
      <BisWeighted>0</BisWeighted>
      <QtyInPackage>1</QtyInPackage>
      <ItemPrice>3.20</ItemPrice>
      <UnitOfMeasurePrice>0.64</UnitOfMeasurePrice>
      <AllowDiscount>1</AllowDiscount>
      <itemStatus>1</itemStatus>
      <LastUpdateDate />
      <LastUpdateTime />
    </Product>
    <Product>
      <PriceUpdateDate>2017/02/13 16:23</PriceUpdateDate>
      <ItemCode>7290014356863</ItemCode>
      <ItemType>1</ItemType>
      <ItemName>פטריות  חתוכות  400 גרם שדות</ItemName>
      <ManufactureName>אחים אגא (א.מ.) שיווק</ManufactureName>
      <ManufactureCountry />
      <ManufactureItemDescription />
      <UnitQty>י"ח</UnitQty>
      <Quantity>400</Quantity>
      <UnitMeasure>ל  גרם</UnitMeasure>
      <BisWeighted>0</BisWeighted>
      <QtyInPackage>1</QtyInPackage>
      <ItemPrice>4.50</ItemPrice>
      <UnitOfMeasurePrice>1.13</UnitOfMeasurePrice>
      <AllowDiscount>1</AllowDiscount>
      <itemStatus>1</itemStatus>
      <LastUpdateDate />
      <LastUpdateTime />
    </Product>
    <Product>
      <PriceUpdateDate>2019/12/17 11:27</PriceUpdateDate>
      <ItemCode>7290014397286</ItemCode>
      <ItemType>1</ItemType>
      <ItemName>מרכך כביסה מקסימה 1 ליטר מרוכז</ItemName>
      <ManufactureName>החב הדרומית לשיווק</ManufactureName>
      <ManufactureCountry />
      <ManufactureItemDescription />
      <UnitQty>י"ח</UnitQty>
      <Quantity>1</Quantity>
      <UnitMeasure>ליטר</UnitMeasure>
      <BisWeighted>0</BisWeighted>
      <QtyInPackage>1</QtyInPackage>
      <ItemPrice>15.90</ItemPrice>
      <UnitOfMeasurePrice>15.90</UnitOfMeasurePrice>
      <AllowDiscount>1</AllowDiscount>
      <itemStatus>1</itemStatus>
      <LastUpdateDate />
      <LastUpdateTime />
    </Product>
    <Product>
      <PriceUpdateDate>2019/12/12 10:04</PriceUpdateDate>
      <ItemCode>7290014397507</ItemCode>
      <ItemType>1</ItemType>
      <ItemName>סנופרש הום בניחוח פריחת היסמין 350מ"ל</ItemName>
      <ManufactureName>החב הדרומית לשיווק</ManufactureName>
      <ManufactureCountry />
      <ManufactureItemDescription />
      <UnitQty>י"ח</UnitQty>
      <Quantity>350</Quantity>
      <UnitMeasure>ל  מ"ל</UnitMeasure>
      <BisWeighted>0</BisWeighted>
      <QtyInPackage>1</QtyInPackage>
      <ItemPrice>9.90</ItemPrice>
      <UnitOfMeasurePrice>2.83</UnitOfMeasurePrice>
      <AllowDiscount>0</AllowDiscount>
      <itemStatus>1</itemStatus>
      <LastUpdateDate />
      <LastUpdateTime />
    </Product>
    <Product>
      <PriceUpdateDate>2020/01/01 13:17</PriceUpdateDate>
      <ItemCode>7290014397675</ItemCode>
      <ItemType>1</ItemType>
      <ItemName>מרכך כביסה חלב ודבש 4 ליטר</ItemName>
      <ManufactureName>החב הדרומית לשיווק</ManufactureName>
      <ManufactureCountry />
      <ManufactureItemDescription />
      <UnitQty>י"ח</UnitQty>
      <Quantity>4</Quantity>
      <UnitMeasure>ליטר</UnitMeasure>
      <BisWeighted>0</BisWeighted>
      <QtyInPackage>1</QtyInPackage>
      <ItemPrice>21.90</ItemPrice>
      <UnitOfMeasurePrice>5.48</UnitOfMeasurePrice>
      <AllowDiscount>0</AllowDiscount>
      <itemStatus>1</itemStatus>
      <LastUpdateDate />
      <LastUpdateTime />
    </Product>
    <Product>
      <PriceUpdateDate>2018/03/20 17:10</PriceUpdateDate>
      <ItemCode>7290014397705</ItemCode>
      <ItemType>1</ItemType>
      <ItemName>פוליווקס 2 ל  גל פרקט רענן</ItemName>
      <ManufactureName>החב הדרומית לשיווק</ManufactureName>
      <ManufactureCountry />
      <ManufactureItemDescription />
      <UnitQty>י"ח</UnitQty>
      <Quantity>2</Quantity>
      <UnitMeasure>ליטר</UnitMeasure>
      <BisWeighted>0</BisWeighted>
      <QtyInPackage>1</QtyInPackage>
      <ItemPrice>19.90</ItemPrice>
      <UnitOfMeasurePrice>9.95</UnitOfMeasurePrice>
      <AllowDiscount>0</AllowDiscount>
      <itemStatus>1</itemStatus>
      <LastUpdateDate />
      <LastUpdateTime />
    </Product>
    <Product>
      <PriceUpdateDate>2016/06/08 14:50</PriceUpdateDate>
      <ItemCode>7290014397767</ItemCode>
      <ItemType>1</ItemType>
      <ItemName>ריצפז פרש הום כותנה מלטפת 2ל</ItemName>
      <ManufactureName>החב הדרומית לשיווק</ManufactureName>
      <ManufactureCountry />
      <ManufactureItemDescription />
      <UnitQty>י"ח</UnitQty>
      <Quantity>1.45</Quantity>
      <UnitMeasure>ליטר</UnitMeasure>
      <BisWeighted>0</BisWeighted>
      <QtyInPackage>1</QtyInPackage>
      <ItemPrice>19.90</ItemPrice>
      <UnitOfMeasurePrice>13.72</UnitOfMeasurePrice>
      <AllowDiscount>1</AllowDiscount>
      <itemStatus>1</itemStatus>
      <LastUpdateDate />
      <LastUpdateTime />
    </Product>
    <Product>
      <PriceUpdateDate>2020/01/09 09:37</PriceUpdateDate>
      <ItemCode>7290014397774</ItemCode>
      <ItemType>1</ItemType>
      <ItemName>ריצפז פרש  הום טבע רענן 2ל לרצפה</ItemName>
      <ManufactureName>החב הדרומית לשיווק</ManufactureName>
      <ManufactureCountry />
      <ManufactureItemDescription />
      <UnitQty>י"ח</UnitQty>
      <Quantity>1.45</Quantity>
      <UnitMeasure>ליטר</UnitMeasure>
      <BisWeighted>0</BisWeighted>
      <QtyInPackage>1</QtyInPackage>
      <ItemPrice>19.90</ItemPrice>
      <UnitOfMeasurePrice>13.72</UnitOfMeasurePrice>
      <AllowDiscount>1</AllowDiscount>
      <itemStatus>1</itemStatus>
      <LastUpdateDate />
      <LastUpdateTime />
    </Product>
    <Product>
      <PriceUpdateDate>2016/06/08 14:50</PriceUpdateDate>
      <ItemCode>7290014397781</ItemCode>
      <ItemType>1</ItemType>
      <ItemName>ריצפז פרש הום סבון מפנק  2ל לרצפה</ItemName>
      <ManufactureName>החב הדרומית לשיווק</ManufactureName>
      <ManufactureCountry />
      <ManufactureItemDescription />
      <UnitQty>י"ח</UnitQty>
      <Quantity>1.45</Quantity>
      <UnitMeasure>ליטר</UnitMeasure>
      <BisWeighted>0</BisWeighted>
      <QtyInPackage>1</QtyInPackage>
      <ItemPrice>19.90</ItemPrice>
      <UnitOfMeasurePrice>13.72</UnitOfMeasurePrice>
      <AllowDiscount>1</AllowDiscount>
      <itemStatus>1</itemStatus>
      <LastUpdateDate />
      <LastUpdateTime />
    </Product>
    <Product>
      <PriceUpdateDate>2014/07/30 13:53</PriceUpdateDate>
      <ItemCode>7290014426061</ItemCode>
      <ItemType>1</ItemType>
      <ItemName>משחת שיניים הלו קיטי</ItemName>
      <ManufactureName>גורי ע.ע.ע. בעמ</ManufactureName>
      <ManufactureCountry />
      <ManufactureItemDescription />
      <UnitQty>י"ח</UnitQty>
      <Quantity>50</Quantity>
      <UnitMeasure>ל  גרם</UnitMeasure>
      <BisWeighted>0</BisWeighted>
      <QtyInPackage>1</QtyInPackage>
      <ItemPrice>10.90</ItemPrice>
      <UnitOfMeasurePrice>21.80</UnitOfMeasurePrice>
      <AllowDiscount>0</AllowDiscount>
      <itemStatus>1</itemStatus>
      <LastUpdateDate />
      <LastUpdateTime />
    </Product>
    <Product>
      <PriceUpdateDate>2020/02/19 08:59</PriceUpdateDate>
      <ItemCode>7290014459953</ItemCode>
      <ItemType>1</ItemType>
      <ItemName>תפוגן צ יפס זיגזג  טוגן 1.7ק"ג</ItemName>
      <ManufactureName>קבוצת אוסם סחר-שות.מוגבלת</ManufactureName>
      <ManufactureCountry />
      <ManufactureItemDescription />
      <UnitQty>י"ח</UnitQty>
      <Quantity>1.70</Quantity>
      <UnitMeasure>ק"ג</UnitMeasure>
      <BisWeighted>0</BisWeighted>
      <QtyInPackage>1</QtyInPackage>
      <ItemPrice>22.90</ItemPrice>
      <UnitOfMeasurePrice>13.47</UnitOfMeasurePrice>
      <AllowDiscount>0</AllowDiscount>
      <itemStatus>1</itemStatus>
      <LastUpdateDate />
      <LastUpdateTime />
    </Product>
    <Product>
      <PriceUpdateDate>2020/03/03 14:45</PriceUpdateDate>
      <ItemCode>7290014466463</ItemCode>
      <ItemType>1</ItemType>
      <ItemName>יין הר חרמון מוסקטו 750 מ"ל</ItemName>
      <ManufactureName>היכל היין שקד גולן בעמ</ManufactureName>
      <ManufactureCountry />
      <ManufactureItemDescription />
      <UnitQty>י"ח</UnitQty>
      <Quantity>750</Quantity>
      <UnitMeasure>ל  מ"ל</UnitMeasure>
      <BisWeighted>0</BisWeighted>
      <QtyInPackage>1</QtyInPackage>
      <ItemPrice>32.90</ItemPrice>
      <UnitOfMeasurePrice>4.35</UnitOfMeasurePrice>
      <AllowDiscount>1</AllowDiscount>
      <itemStatus>1</itemStatus>
      <LastUpdateDate />
      <LastUpdateTime />
    </Product>
    <Product>
      <PriceUpdateDate>2013/12/10 16:22</PriceUpdateDate>
      <ItemCode>7290014471160</ItemCode>
      <ItemType>1</ItemType>
      <ItemName>קבוקים 150ג המותג</ItemName>
      <ManufactureName>דין שיווק וקליהבעמ</ManufactureName>
      <ManufactureCountry />
      <ManufactureItemDescription />
      <UnitQty>י"ח</UnitQty>
      <Quantity>150</Quantity>
      <UnitMeasure>ל  גרם</UnitMeasure>
      <BisWeighted>0</BisWeighted>
      <QtyInPackage>1</QtyInPackage>
      <ItemPrice>4</ItemPrice>
      <UnitOfMeasurePrice>2.67</UnitOfMeasurePrice>
      <AllowDiscount>1</AllowDiscount>
      <itemStatus>1</itemStatus>
      <LastUpdateDate />
      <LastUpdateTime />
    </Product>
    <Product>
      <PriceUpdateDate>2013/12/10 16:21</PriceUpdateDate>
      <ItemCode>7290014471177</ItemCode>
      <ItemType>1</ItemType>
      <ItemName>בוטנים אמריקאים 150ג המותג</ItemName>
      <ManufactureName>דין שיווק וקליהבעמ</ManufactureName>
      <ManufactureCountry />
      <ManufactureItemDescription />
      <UnitQty>י"ח</UnitQty>
      <Quantity>150</Quantity>
      <UnitMeasure>ל  גרם</UnitMeasure>
      <BisWeighted>0</BisWeighted>
      <QtyInPackage>1</QtyInPackage>
      <ItemPrice>4</ItemPrice>
      <UnitOfMeasurePrice>2.67</UnitOfMeasurePrice>
      <AllowDiscount>1</AllowDiscount>
      <itemStatus>1</itemStatus>
      <LastUpdateDate />
      <LastUpdateTime />
    </Product>
    <Product>
      <PriceUpdateDate>2015/05/26 19:52</PriceUpdateDate>
      <ItemCode>7290014471184</ItemCode>
      <ItemType>1</ItemType>
      <ItemName>מנצס 150ג המותג</ItemName>
      <ManufactureName>דין שיווק וקליהבעמ</ManufactureName>
      <ManufactureCountry />
      <ManufactureItemDescription />
      <UnitQty>י"ח</UnitQty>
      <Quantity>150</Quantity>
      <UnitMeasure>ל  גרם</UnitMeasure>
      <BisWeighted>0</BisWeighted>
      <QtyInPackage>1</QtyInPackage>
      <ItemPrice>6</ItemPrice>
      <UnitOfMeasurePrice>4</UnitOfMeasurePrice>
      <AllowDiscount>1</AllowDiscount>
      <itemStatus>1</itemStatus>
      <LastUpdateDate />
      <LastUpdateTime />
    </Product>
    <Product>
      <PriceUpdateDate>2017/12/28 14:47</PriceUpdateDate>
      <ItemCode>7290014471191</ItemCode>
      <ItemType>1</ItemType>
      <ItemName>חמוציות200ג המותג</ItemName>
      <ManufactureName>דין שיווק וקליהבעמ</ManufactureName>
      <ManufactureCountry />
      <ManufactureItemDescription />
      <UnitQty>י"ח</UnitQty>
      <Quantity>200</Quantity>
      <UnitMeasure>ל  גרם</UnitMeasure>
      <BisWeighted>0</BisWeighted>
      <QtyInPackage>1</QtyInPackage>
      <ItemPrice>10</ItemPrice>
      <UnitOfMeasurePrice>5</UnitOfMeasurePrice>
      <AllowDiscount>0</AllowDiscount>
      <itemStatus>1</itemStatus>
      <LastUpdateDate />
      <LastUpdateTime />
    </Product>
    <Product>
      <PriceUpdateDate>2014/07/03 11:02</PriceUpdateDate>
      <ItemCode>7290014471412</ItemCode>
      <ItemType>1</ItemType>
      <ItemName>מוזלי בוטנים אגוזים ושקדים 1ק"ג</ItemName>
      <ManufactureName>דין שיווק וקליהבעמ</ManufactureName>
      <ManufactureCountry />
      <ManufactureItemDescription />
      <UnitQty>י"ח</UnitQty>
      <Quantity>0</Quantity>
      <UnitMeasure>ק"ג</UnitMeasure>
      <BisWeighted>0</BisWeighted>
      <QtyInPackage>1</QtyInPackage>
      <ItemPrice>21.90</ItemPrice>
      <UnitOfMeasurePrice>21.90</UnitOfMeasurePrice>
      <AllowDiscount>1</AllowDiscount>
      <itemStatus>1</itemStatus>
      <LastUpdateDate />
      <LastUpdateTime />
    </Product>
    <Product>
      <PriceUpdateDate>2014/07/03 11:02</PriceUpdateDate>
      <ItemCode>7290014471443</ItemCode>
      <ItemType>1</ItemType>
      <ItemName>גרנולה אגוזים 1ק"ג</ItemName>
      <ManufactureName>דין שיווק וקליהבעמ</ManufactureName>
      <ManufactureCountry />
      <ManufactureItemDescription />
      <UnitQty>י"ח</UnitQty>
      <Quantity>0</Quantity>
      <UnitMeasure>ק"ג</UnitMeasure>
      <BisWeighted>0</BisWeighted>
      <QtyInPackage>1</QtyInPackage>
      <ItemPrice>21.90</ItemPrice>
      <UnitOfMeasurePrice>21.90</UnitOfMeasurePrice>
      <AllowDiscount>1</AllowDiscount>
      <itemStatus>1</itemStatus>
      <LastUpdateDate />
      <LastUpdateTime />
    </Product>
    <Product>
      <PriceUpdateDate>2013/10/02 10:22</PriceUpdateDate>
      <ItemCode>7290014471757</ItemCode>
      <ItemType>1</ItemType>
      <ItemName>גרנולה עם פירות 400ג</ItemName>
      <ManufactureName>דין שיווק וקליהבעמ</ManufactureName>
      <ManufactureCountry />
      <ManufactureItemDescription />
      <UnitQty>י"ח</UnitQty>
      <Quantity>400</Quantity>
      <UnitMeasure>ל  גרם</UnitMeasure>
      <BisWeighted>0</BisWeighted>
      <QtyInPackage>1</QtyInPackage>
      <ItemPrice>10</ItemPrice>
      <UnitOfMeasurePrice>2.50</UnitOfMeasurePrice>
      <AllowDiscount>0</AllowDiscount>
      <itemStatus>1</itemStatus>
      <LastUpdateDate />
      <LastUpdateTime />
    </Product>
    <Product>
      <PriceUpdateDate>2013/10/02 10:22</PriceUpdateDate>
      <ItemCode>7290014471764</ItemCode>
      <ItemType>1</ItemType>
      <ItemName>גרנולה עם אגוזים  400ג</ItemName>
      <ManufactureName>דין שיווק וקליהבעמ</ManufactureName>
      <ManufactureCountry />
      <ManufactureItemDescription />
      <UnitQty>י"ח</UnitQty>
      <Quantity>400</Quantity>
      <UnitMeasure>ל  גרם</UnitMeasure>
      <BisWeighted>0</BisWeighted>
      <QtyInPackage>1</QtyInPackage>
      <ItemPrice>10</ItemPrice>
      <UnitOfMeasurePrice>2.50</UnitOfMeasurePrice>
      <AllowDiscount>0</AllowDiscount>
      <itemStatus>1</itemStatus>
      <LastUpdateDate />
      <LastUpdateTime />
    </Product>
    <Product>
      <PriceUpdateDate>2013/10/02 10:56</PriceUpdateDate>
      <ItemCode>7290014471771</ItemCode>
      <ItemType>1</ItemType>
      <ItemName>גרנולה עם דבש ואגוזים   400ג</ItemName>
      <ManufactureName>דין שיווק וקליהבעמ</ManufactureName>
      <ManufactureCountry />
      <ManufactureItemDescription />
      <UnitQty>י"ח</UnitQty>
      <Quantity>400</Quantity>
      <UnitMeasure>ל  גרם</UnitMeasure>
      <BisWeighted>0</BisWeighted>
      <QtyInPackage>1</QtyInPackage>
      <ItemPrice>10</ItemPrice>
      <UnitOfMeasurePrice>2.50</UnitOfMeasurePrice>
      <AllowDiscount>0</AllowDiscount>
      <itemStatus>1</itemStatus>
      <LastUpdateDate />
      <LastUpdateTime />
    </Product>
    <Product>
      <PriceUpdateDate>2019/02/05 14:45</PriceUpdateDate>
      <ItemCode>7290014525009</ItemCode>
      <ItemType>1</ItemType>
      <ItemName>חטיף בריאות בטעם יוגורט במילוי תפוח</ItemName>
      <ManufactureName>ש.שסטוביץ בעמ</ManufactureName>
      <ManufactureCountry />
      <ManufactureItemDescription />
      <UnitQty>י"ח</UnitQty>
      <Quantity>283</Quantity>
      <UnitMeasure>ל  גרם</UnitMeasure>
      <BisWeighted>0</BisWeighted>
      <QtyInPackage>1</QtyInPackage>
      <ItemPrice>12.90</ItemPrice>
      <UnitOfMeasurePrice>4.56</UnitOfMeasurePrice>
      <AllowDiscount>1</AllowDiscount>
      <itemStatus>1</itemStatus>
      <LastUpdateDate />
      <LastUpdateTime />
    </Product>
    <Product>
      <PriceUpdateDate>2019/02/05 14:45</PriceUpdateDate>
      <ItemCode>7290014525290</ItemCode>
      <ItemType>1</ItemType>
      <ItemName>מרבה סלים דלים קריספי תות 125ג</ItemName>
      <ManufactureName>ש.שסטוביץ בעמ</ManufactureName>
      <ManufactureCountry />
      <ManufactureItemDescription />
      <UnitQty>י"ח</UnitQty>
      <Quantity>120</Quantity>
      <UnitMeasure>ל  גרם</UnitMeasure>
      <BisWeighted>0</BisWeighted>
      <QtyInPackage>1</QtyInPackage>
      <ItemPrice>12.90</ItemPrice>
      <UnitOfMeasurePrice>10.75</UnitOfMeasurePrice>
      <AllowDiscount>1</AllowDiscount>
      <itemStatus>1</itemStatus>
      <LastUpdateDate />
      <LastUpdateTime />
    </Product>
    <Product>
      <PriceUpdateDate>2019/02/05 14:45</PriceUpdateDate>
      <ItemCode>7290014525306</ItemCode>
      <ItemType>1</ItemType>
      <ItemName>מרבה סלים דלים קריספי אוכמניות  125ג</ItemName>
      <ManufactureName>ש.שסטוביץ בעמ</ManufactureName>
      <ManufactureCountry />
      <ManufactureItemDescription />
      <UnitQty>י"ח</UnitQty>
      <Quantity>120</Quantity>
      <UnitMeasure>ל  גרם</UnitMeasure>
      <BisWeighted>0</BisWeighted>
      <QtyInPackage>1</QtyInPackage>
      <ItemPrice>12.90</ItemPrice>
      <UnitOfMeasurePrice>10.75</UnitOfMeasurePrice>
      <AllowDiscount>1</AllowDiscount>
      <itemStatus>1</itemStatus>
      <LastUpdateDate />
      <LastUpdateTime />
    </Product>
    <Product>
      <PriceUpdateDate>2019/02/05 14:45</PriceUpdateDate>
      <ItemCode>7290014525313</ItemCode>
      <ItemType>1</ItemType>
      <ItemName>מרבה סלים דלים קריספי שוקולד  125ג</ItemName>
      <ManufactureName>ש.שסטוביץ בעמ</ManufactureName>
      <ManufactureCountry />
      <ManufactureItemDescription />
      <UnitQty>י"ח</UnitQty>
      <Quantity>120</Quantity>
      <UnitMeasure>ל  גרם</UnitMeasure>
      <BisWeighted>0</BisWeighted>
      <QtyInPackage>1</QtyInPackage>
      <ItemPrice>12.90</ItemPrice>
      <UnitOfMeasurePrice>10.75</UnitOfMeasurePrice>
      <AllowDiscount>1</AllowDiscount>
      <itemStatus>1</itemStatus>
      <LastUpdateDate />
      <LastUpdateTime />
    </Product>
    <Product>
      <PriceUpdateDate>2020/01/14 09:57</PriceUpdateDate>
      <ItemCode>7290014525658</ItemCode>
      <ItemType>1</ItemType>
      <ItemName>מרבה שוקודליס עוגיות קרם קפוצינו  145ג</ItemName>
      <ManufactureName>ש.שסטוביץ בעמ</ManufactureName>
      <ManufactureCountry />
      <ManufactureItemDescription />
      <UnitQty>י"ח</UnitQty>
      <Quantity>145</Quantity>
      <UnitMeasure>ל  גרם</UnitMeasure>
      <BisWeighted>0</BisWeighted>
      <QtyInPackage>1</QtyInPackage>
      <ItemPrice>12.90</ItemPrice>
      <UnitOfMeasurePrice>8.90</UnitOfMeasurePrice>
      <AllowDiscount>1</AllowDiscount>
      <itemStatus>1</itemStatus>
      <LastUpdateDate />
      <LastUpdateTime />
    </Product>
    <Product>
      <PriceUpdateDate>2018/11/19 09:59</PriceUpdateDate>
      <ItemCode>7290014547322</ItemCode>
      <ItemType>1</ItemType>
      <ItemName>זוג מברשות סנסודיין שיקום</ItemName>
      <ManufactureName>גורי ע.ע.ע. בעמ</ManufactureName>
      <ManufactureCountry />
      <ManufactureItemDescription />
      <UnitQty>י"ח</UnitQty>
      <Quantity>75</Quantity>
      <UnitMeasure>ל  מ"ל</UnitMeasure>
      <BisWeighted>0</BisWeighted>
      <QtyInPackage>1</QtyInPackage>
      <ItemPrice>29.90</ItemPrice>
      <UnitOfMeasurePrice>39.87</UnitOfMeasurePrice>
      <AllowDiscount>1</AllowDiscount>
      <itemStatus>1</itemStatus>
      <LastUpdateDate />
      <LastUpdateTime />
    </Product>
    <Product>
      <PriceUpdateDate>2016/03/07 18:24</PriceUpdateDate>
      <ItemCode>7290014603653</ItemCode>
      <ItemType>1</ItemType>
      <ItemName>כריות נוגט ללא גלוטן 375 גרם</ItemName>
      <ManufactureName>יוניליוור ישראל שיווק בעמ</ManufactureName>
      <ManufactureCountry />
      <ManufactureItemDescription />
      <UnitQty>י"ח</UnitQty>
      <Quantity>375</Quantity>
      <UnitMeasure>ל  גרם</UnitMeasure>
      <BisWeighted>0</BisWeighted>
      <QtyInPackage>1</QtyInPackage>
      <ItemPrice>19.90</ItemPrice>
      <UnitOfMeasurePrice>5.31</UnitOfMeasurePrice>
      <AllowDiscount>0</AllowDiscount>
      <itemStatus>1</itemStatus>
      <LastUpdateDate />
      <LastUpdateTime />
    </Product>
    <Product>
      <PriceUpdateDate>2018/01/16 14:42</PriceUpdateDate>
      <ItemCode>7290014673298</ItemCode>
      <ItemType>1</ItemType>
      <ItemName>פירורי לחם זהוב שקית 800גר</ItemName>
      <ManufactureName>א.ל.יצור ושיווקתבלינים בעמ</ManufactureName>
      <ManufactureCountry />
      <ManufactureItemDescription />
      <UnitQty>י"ח</UnitQty>
      <Quantity>800</Quantity>
      <UnitMeasure>ל  גרם</UnitMeasure>
      <BisWeighted>0</BisWeighted>
      <QtyInPackage>1</QtyInPackage>
      <ItemPrice>11.90</ItemPrice>
      <UnitOfMeasurePrice>1.49</UnitOfMeasurePrice>
      <AllowDiscount>1</AllowDiscount>
      <itemStatus>1</itemStatus>
      <LastUpdateDate />
      <LastUpdateTime />
    </Product>
    <Product>
      <PriceUpdateDate>2015/06/19 10:20</PriceUpdateDate>
      <ItemCode>7290014673366</ItemCode>
      <ItemType>1</ItemType>
      <ItemName>כורכום 250 גר. בצנצנת כשל"פ</ItemName>
      <ManufactureName>א.ל.יצור ושיווקתבלינים בעמ</ManufactureName>
      <ManufactureCountry />
      <ManufactureItemDescription />
      <UnitQty>י"ח</UnitQty>
      <Quantity>250</Quantity>
      <UnitMeasure>ל  גרם</UnitMeasure>
      <BisWeighted>0</BisWeighted>
      <QtyInPackage>1</QtyInPackage>
      <ItemPrice>20.90</ItemPrice>
      <UnitOfMeasurePrice>8.36</UnitOfMeasurePrice>
      <AllowDiscount>0</AllowDiscount>
      <itemStatus>1</itemStatus>
      <LastUpdateDate />
      <LastUpdateTime />
    </Product>
    <Product>
      <PriceUpdateDate>2018/11/29 12:01</PriceUpdateDate>
      <ItemCode>7290014673410</ItemCode>
      <ItemType>1</ItemType>
      <ItemName>פלפל גרוס דק 250 גר בצנצנת</ItemName>
      <ManufactureName>א.ל.יצור ושיווקתבלינים בעמ</ManufactureName>
      <ManufactureCountry />
      <ManufactureItemDescription />
      <UnitQty>י"ח</UnitQty>
      <Quantity>250</Quantity>
      <UnitMeasure>ל  גרם</UnitMeasure>
      <BisWeighted>0</BisWeighted>
      <QtyInPackage>1</QtyInPackage>
      <ItemPrice>29.90</ItemPrice>
      <UnitOfMeasurePrice>11.96</UnitOfMeasurePrice>
      <AllowDiscount>0</AllowDiscount>
      <itemStatus>1</itemStatus>
      <LastUpdateDate />
      <LastUpdateTime />
    </Product>
    <Product>
      <PriceUpdateDate>2018/06/13 08:57</PriceUpdateDate>
      <ItemCode>7290014673434</ItemCode>
      <ItemType>1</ItemType>
      <ItemName>פלפל שחור גרוס דק  שקית 80ג</ItemName>
      <ManufactureName>א.ל.יצור ושיווקתבלינים בעמ</ManufactureName>
      <ManufactureCountry />
      <ManufactureItemDescription />
      <UnitQty>י"ח</UnitQty>
      <Quantity>80</Quantity>
      <UnitMeasure>ל  גרם</UnitMeasure>
      <BisWeighted>0</BisWeighted>
      <QtyInPackage>1</QtyInPackage>
      <ItemPrice>8.90</ItemPrice>
      <UnitOfMeasurePrice>11.13</UnitOfMeasurePrice>
      <AllowDiscount>0</AllowDiscount>
      <itemStatus>1</itemStatus>
      <LastUpdateDate />
      <LastUpdateTime />
    </Product>
    <Product>
      <PriceUpdateDate>2014/05/04 13:15</PriceUpdateDate>
      <ItemCode>7290014673557</ItemCode>
      <ItemType>1</ItemType>
      <ItemName>זעפרן אמיתי 0.5גרם</ItemName>
      <ManufactureName>א.ל.יצור ושיווקתבלינים בעמ</ManufactureName>
      <ManufactureCountry />
      <ManufactureItemDescription />
      <UnitQty>י"ח</UnitQty>
      <Quantity>5</Quantity>
      <UnitMeasure>ל  גרם</UnitMeasure>
      <BisWeighted>0</BisWeighted>
      <QtyInPackage>1</QtyInPackage>
      <ItemPrice>19.90</ItemPrice>
      <UnitOfMeasurePrice>398</UnitOfMeasurePrice>
      <AllowDiscount>0</AllowDiscount>
      <itemStatus>1</itemStatus>
      <LastUpdateDate />
      <LastUpdateTime />
    </Product>
    <Product>
      <PriceUpdateDate>2013/06/04 16:51</PriceUpdateDate>
      <ItemCode>7290014692336</ItemCode>
      <ItemType>1</ItemType>
      <ItemName>שיני שום במי מלח 340גר</ItemName>
      <ManufactureName>ג.וילי פוד אינטרנשיונל בעמ</ManufactureName>
      <ManufactureCountry />
      <ManufactureItemDescription />
      <UnitQty>י"ח</UnitQty>
      <Quantity>340</Quantity>
      <UnitMeasure>ל  גרם</UnitMeasure>
      <BisWeighted>0</BisWeighted>
      <QtyInPackage>1</QtyInPackage>
      <ItemPrice>11.20</ItemPrice>
      <UnitOfMeasurePrice>3.29</UnitOfMeasurePrice>
      <AllowDiscount>0</AllowDiscount>
      <itemStatus>1</itemStatus>
      <LastUpdateDate />
      <LastUpdateTime />
    </Product>
    <Product>
      <PriceUpdateDate>2016/05/08 11:10</PriceUpdateDate>
      <ItemCode>7290014692565</ItemCode>
      <ItemType>1</ItemType>
      <ItemName>גרעיני תירס מתוק 285/320ג</ItemName>
      <ManufactureName>ג.וילי פוד אינטרנשיונל בעמ</ManufactureName>
      <ManufactureCountry />
      <ManufactureItemDescription />
      <UnitQty>י"ח</UnitQty>
      <Quantity>320</Quantity>
      <UnitMeasure>ל  גרם</UnitMeasure>
      <BisWeighted>0</BisWeighted>
      <QtyInPackage>1</QtyInPackage>
      <ItemPrice>4.50</ItemPrice>
      <UnitOfMeasurePrice>1.41</UnitOfMeasurePrice>
      <AllowDiscount>0</AllowDiscount>
      <itemStatus>1</itemStatus>
      <LastUpdateDate />
      <LastUpdateTime />
    </Product>
    <Product>
      <PriceUpdateDate>2014/03/12 12:03</PriceUpdateDate>
      <ItemCode>7290014745919</ItemCode>
      <ItemType>1</ItemType>
      <ItemName>שניצל עוף דק בציפוי קריספי 700  ג`רכיב</ItemName>
      <ManufactureName>קבוצת אוסם סחר-שות.מוגבלת</ManufactureName>
      <ManufactureCountry />
      <ManufactureItemDescription />
      <UnitQty>י"ח</UnitQty>
      <Quantity>700</Quantity>
      <UnitMeasure>ל  גרם</UnitMeasure>
      <BisWeighted>0</BisWeighted>
      <QtyInPackage>1</QtyInPackage>
      <ItemPrice>36.90</ItemPrice>
      <UnitOfMeasurePrice>5.27</UnitOfMeasurePrice>
      <AllowDiscount>1</AllowDiscount>
      <itemStatus>1</itemStatus>
      <LastUpdateDate />
      <LastUpdateTime />
    </Product>
    <Product>
      <PriceUpdateDate>2019/12/26 08:50</PriceUpdateDate>
      <ItemCode>7290014749245</ItemCode>
      <ItemType>1</ItemType>
      <ItemName>עוף טוב ספיישל רצועות שניצל 600גר</ItemName>
      <ManufactureName>קבוצת אוסם סחר-שות.מוגבלת</ManufactureName>
      <ManufactureCountry />
      <ManufactureItemDescription />
      <UnitQty>י"ח</UnitQty>
      <Quantity>700</Quantity>
      <UnitMeasure>ל  גרם</UnitMeasure>
      <BisWeighted>0</BisWeighted>
      <QtyInPackage>1</QtyInPackage>
      <ItemPrice>36.90</ItemPrice>
      <UnitOfMeasurePrice>5.27</UnitOfMeasurePrice>
      <AllowDiscount>0</AllowDiscount>
      <itemStatus>1</itemStatus>
      <LastUpdateDate />
      <LastUpdateTime />
    </Product>
    <Product>
      <PriceUpdateDate>2020/01/02 12:29</PriceUpdateDate>
      <ItemCode>7290014758100</ItemCode>
      <ItemType>1</ItemType>
      <ItemName>מאגדת *8יוגורט BIO 3% 150ג</ItemName>
      <ManufactureName>תנובה בעמ ***</ManufactureName>
      <ManufactureCountry />
      <ManufactureItemDescription />
      <UnitQty>י"ח</UnitQty>
      <Quantity>1.20</Quantity>
      <UnitMeasure>ליטר</UnitMeasure>
      <BisWeighted>0</BisWeighted>
      <QtyInPackage>1</QtyInPackage>
      <ItemPrice>15.90</ItemPrice>
      <UnitOfMeasurePrice>13.25</UnitOfMeasurePrice>
      <AllowDiscount>1</AllowDiscount>
      <itemStatus>1</itemStatus>
      <LastUpdateDate />
      <LastUpdateTime />
    </Product>
    <Product>
      <PriceUpdateDate>2020/01/02 12:29</PriceUpdateDate>
      <ItemCode>7290014758117</ItemCode>
      <ItemType>1</ItemType>
      <ItemName>מאגדת *8יוגורט BIO 1.5% 150ג</ItemName>
      <ManufactureName>תנובה בעמ ***</ManufactureName>
      <ManufactureCountry />
      <ManufactureItemDescription />
      <UnitQty>י"ח</UnitQty>
      <Quantity>1.20</Quantity>
      <UnitMeasure>ליטר</UnitMeasure>
      <BisWeighted>0</BisWeighted>
      <QtyInPackage>1</QtyInPackage>
      <ItemPrice>15.90</ItemPrice>
      <UnitOfMeasurePrice>13.25</UnitOfMeasurePrice>
      <AllowDiscount>1</AllowDiscount>
      <itemStatus>1</itemStatus>
      <LastUpdateDate />
      <LastUpdateTime />
    </Product>
    <Product>
      <PriceUpdateDate>2015/08/17 13:14</PriceUpdateDate>
      <ItemCode>7290014758131</ItemCode>
      <ItemType>1</ItemType>
      <ItemName>יוגורט תנובה ביו</ItemName>
      <ManufactureName>תנובה בעמ ***</ManufactureName>
      <ManufactureCountry />
      <ManufactureItemDescription />
      <UnitQty>י"ח</UnitQty>
      <Quantity>200</Quantity>
      <UnitMeasure>ל  גרם</UnitMeasure>
      <BisWeighted>0</BisWeighted>
      <QtyInPackage>1</QtyInPackage>
      <ItemPrice>2</ItemPrice>
      <UnitOfMeasurePrice>1</UnitOfMeasurePrice>
      <AllowDiscount>0</AllowDiscount>
      <itemStatus>1</itemStatus>
      <LastUpdateDate />
      <LastUpdateTime />
    </Product>
    <Product>
      <PriceUpdateDate>2020/01/02 12:29</PriceUpdateDate>
      <ItemCode>7290014759084</ItemCode>
      <ItemType>1</ItemType>
      <ItemName>נפוליאון 16% סקיני 225גר</ItemName>
      <ManufactureName>תנובה בעמ ***</ManufactureName>
      <ManufactureCountry />
      <ManufactureItemDescription />
      <UnitQty>י"ח</UnitQty>
      <Quantity>225</Quantity>
      <UnitMeasure>ל  גרם</UnitMeasure>
      <BisWeighted>0</BisWeighted>
      <QtyInPackage>1</QtyInPackage>
      <ItemPrice>12.90</ItemPrice>
      <UnitOfMeasurePrice>5.73</UnitOfMeasurePrice>
      <AllowDiscount>0</AllowDiscount>
      <itemStatus>1</itemStatus>
      <LastUpdateDate />
      <LastUpdateTime />
    </Product>
    <Product>
      <PriceUpdateDate>2020/01/02 12:29</PriceUpdateDate>
      <ItemCode>7290014759992</ItemCode>
      <ItemType>1</ItemType>
      <ItemName>רוקפור גליל  פלח 200גר תנובה</ItemName>
      <ManufactureName>תנובה בעמ ***</ManufactureName>
      <ManufactureCountry />
      <ManufactureItemDescription />
      <UnitQty>י"ח</UnitQty>
      <Quantity>200</Quantity>
      <UnitMeasure>ל  גרם</UnitMeasure>
      <BisWeighted>0</BisWeighted>
      <QtyInPackage>1</QtyInPackage>
      <ItemPrice>19.90</ItemPrice>
      <UnitOfMeasurePrice>9.95</UnitOfMeasurePrice>
      <AllowDiscount>0</AllowDiscount>
      <itemStatus>1</itemStatus>
      <LastUpdateDate />
      <LastUpdateTime />
    </Product>
    <Product>
      <PriceUpdateDate>2018/01/10 14:26</PriceUpdateDate>
      <ItemCode>7290014760134</ItemCode>
      <ItemType>1</ItemType>
      <ItemName>מעדן סויה טעם וניל</ItemName>
      <ManufactureName>תנובה בעמ ***</ManufactureName>
      <ManufactureCountry />
      <ManufactureItemDescription />
      <UnitQty>י"ח</UnitQty>
      <Quantity>125</Quantity>
      <UnitMeasure>ל  מ"ל</UnitMeasure>
      <BisWeighted>0</BisWeighted>
      <QtyInPackage>1</QtyInPackage>
      <ItemPrice>3.90</ItemPrice>
      <UnitOfMeasurePrice>3.12</UnitOfMeasurePrice>
      <AllowDiscount>0</AllowDiscount>
      <itemStatus>1</itemStatus>
      <LastUpdateDate />
      <LastUpdateTime />
    </Product>
    <Product>
      <PriceUpdateDate>2020/01/02 12:29</PriceUpdateDate>
      <ItemCode>7290014761056</ItemCode>
      <ItemType>1</ItemType>
      <ItemName>YOLO מעדן שוקולד חלב מעולה</ItemName>
      <ManufactureName>תנובה בעמ ***</ManufactureName>
      <ManufactureCountry />
      <ManufactureItemDescription />
      <UnitQty>י"ח</UnitQty>
      <Quantity>123</Quantity>
      <UnitMeasure>ל  מ"ל</UnitMeasure>
      <BisWeighted>0</BisWeighted>
      <QtyInPackage>1</QtyInPackage>
      <ItemPrice>4.30</ItemPrice>
      <UnitOfMeasurePrice>3.50</UnitOfMeasurePrice>
      <AllowDiscount>1</AllowDiscount>
      <itemStatus>1</itemStatus>
      <LastUpdateDate />
      <LastUpdateTime />
    </Product>
    <Product>
      <PriceUpdateDate>2020/01/02 12:29</PriceUpdateDate>
      <ItemCode>7290014761063</ItemCode>
      <ItemType>1</ItemType>
      <ItemName>YOLO מעדן שוקולד מריר  מעולה</ItemName>
      <ManufactureName>תנובה בעמ ***</ManufactureName>
      <ManufactureCountry />
      <ManufactureItemDescription />
      <UnitQty>י"ח</UnitQty>
      <Quantity>123</Quantity>
      <UnitMeasure>ל  מ"ל</UnitMeasure>
      <BisWeighted>0</BisWeighted>
      <QtyInPackage>1</QtyInPackage>
      <ItemPrice>4.30</ItemPrice>
      <UnitOfMeasurePrice>3.50</UnitOfMeasurePrice>
      <AllowDiscount>1</AllowDiscount>
      <itemStatus>1</itemStatus>
      <LastUpdateDate />
      <LastUpdateTime />
    </Product>
    <Product>
      <PriceUpdateDate>2020/01/02 12:29</PriceUpdateDate>
      <ItemCode>7290014761070</ItemCode>
      <ItemType>1</ItemType>
      <ItemName>YOLO מעדן שוקולד לבן מעולה</ItemName>
      <ManufactureName>תנובה בעמ ***</ManufactureName>
      <ManufactureCountry />
      <ManufactureItemDescription />
      <UnitQty>י"ח</UnitQty>
      <Quantity>123</Quantity>
      <UnitMeasure>ל  מ"ל</UnitMeasure>
      <BisWeighted>0</BisWeighted>
      <QtyInPackage>1</QtyInPackage>
      <ItemPrice>4.30</ItemPrice>
      <UnitOfMeasurePrice>3.50</UnitOfMeasurePrice>
      <AllowDiscount>1</AllowDiscount>
      <itemStatus>1</itemStatus>
      <LastUpdateDate />
      <LastUpdateTime />
    </Product>
    <Product>
      <PriceUpdateDate>2020/01/02 12:29</PriceUpdateDate>
      <ItemCode>7290014761193</ItemCode>
      <ItemType>1</ItemType>
      <ItemName>פרילי פירות יער  125 מ"ל</ItemName>
      <ManufactureName>תנובה בעמ ***</ManufactureName>
      <ManufactureCountry />
      <ManufactureItemDescription />
      <UnitQty>י"ח</UnitQty>
      <Quantity>125</Quantity>
      <UnitMeasure>ל  מ"ל</UnitMeasure>
      <BisWeighted>0</BisWeighted>
      <QtyInPackage>1</QtyInPackage>
      <ItemPrice>3.30</ItemPrice>
      <UnitOfMeasurePrice>2.64</UnitOfMeasurePrice>
      <AllowDiscount>0</AllowDiscount>
      <itemStatus>1</itemStatus>
      <LastUpdateDate />
      <LastUpdateTime />
    </Product>
    <Product>
      <PriceUpdateDate>2020/03/03 14:45</PriceUpdateDate>
      <ItemCode>7290014761377</ItemCode>
      <ItemType>1</ItemType>
      <ItemName>קרלו שוקולד קצפת בד"ץ 126גר</ItemName>
      <ManufactureName>תנובה בעמ ***</ManufactureName>
      <ManufactureCountry />
      <ManufactureItemDescription />
      <UnitQty>י"ח</UnitQty>
      <Quantity>95</Quantity>
      <UnitMeasure>ל  מ"ל</UnitMeasure>
      <BisWeighted>0</BisWeighted>
      <QtyInPackage>1</QtyInPackage>
      <ItemPrice>2.90</ItemPrice>
      <UnitOfMeasurePrice>3.05</UnitOfMeasurePrice>
      <AllowDiscount>1</AllowDiscount>
      <itemStatus>1</itemStatus>
      <LastUpdateDate />
      <LastUpdateTime />
    </Product>
    <Product>
      <PriceUpdateDate>2020/01/02 12:29</PriceUpdateDate>
      <ItemCode>7290014761414</ItemCode>
      <ItemType>1</ItemType>
      <ItemName>YOLO מעדן שכבות שוקולד חלב ולבן</ItemName>
      <ManufactureName>תנובה בעמ ***</ManufactureName>
      <ManufactureCountry />
      <ManufactureItemDescription />
      <UnitQty>י"ח</UnitQty>
      <Quantity>123</Quantity>
      <UnitMeasure>ל  מ"ל</UnitMeasure>
      <BisWeighted>0</BisWeighted>
      <QtyInPackage>1</QtyInPackage>
      <ItemPrice>4.30</ItemPrice>
      <UnitOfMeasurePrice>3.50</UnitOfMeasurePrice>
      <AllowDiscount>1</AllowDiscount>
      <itemStatus>1</itemStatus>
      <LastUpdateDate />
      <LastUpdateTime />
    </Product>
    <Product>
      <PriceUpdateDate>2020/01/02 12:29</PriceUpdateDate>
      <ItemCode>7290014761612</ItemCode>
      <ItemType>1</ItemType>
      <ItemName>YOLO מעדן שוקולד מריר ולבן</ItemName>
      <ManufactureName>תנובה בעמ ***</ManufactureName>
      <ManufactureCountry />
      <ManufactureItemDescription />
      <UnitQty>י"ח</UnitQty>
      <Quantity>123</Quantity>
      <UnitMeasure>ל  מ"ל</UnitMeasure>
      <BisWeighted>0</BisWeighted>
      <QtyInPackage>1</QtyInPackage>
      <ItemPrice>4.30</ItemPrice>
      <UnitOfMeasurePrice>3.50</UnitOfMeasurePrice>
      <AllowDiscount>1</AllowDiscount>
      <itemStatus>1</itemStatus>
      <LastUpdateDate />
      <LastUpdateTime />
    </Product>
    <Product>
      <PriceUpdateDate>2020/01/02 12:29</PriceUpdateDate>
      <ItemCode>7290014762770</ItemCode>
      <ItemType>1</ItemType>
      <ItemName>מעדן סויה בטעם אפרסק בגביע 125ג</ItemName>
      <ManufactureName>תנובה בעמ ***</ManufactureName>
      <ManufactureCountry />
      <ManufactureItemDescription />
      <UnitQty>י"ח</UnitQty>
      <Quantity>125</Quantity>
      <UnitMeasure>ל  מ"ל</UnitMeasure>
      <BisWeighted>0</BisWeighted>
      <QtyInPackage>1</QtyInPackage>
      <ItemPrice>3.70</ItemPrice>
      <UnitOfMeasurePrice>2.96</UnitOfMeasurePrice>
      <AllowDiscount>0</AllowDiscount>
      <itemStatus>1</itemStatus>
      <LastUpdateDate />
      <LastUpdateTime />
    </Product>
    <Product>
      <PriceUpdateDate>2020/01/02 12:29</PriceUpdateDate>
      <ItemCode>7290014762800</ItemCode>
      <ItemType>1</ItemType>
      <ItemName>מעדן סויה בטעם שוקולד  בגביע 125ג</ItemName>
      <ManufactureName>תנובה בעמ ***</ManufactureName>
      <ManufactureCountry />
      <ManufactureItemDescription />
      <UnitQty>י"ח</UnitQty>
      <Quantity>125</Quantity>
      <UnitMeasure>ל  מ"ל</UnitMeasure>
      <BisWeighted>0</BisWeighted>
      <QtyInPackage>1</QtyInPackage>
      <ItemPrice>3.70</ItemPrice>
      <UnitOfMeasurePrice>2.96</UnitOfMeasurePrice>
      <AllowDiscount>0</AllowDiscount>
      <itemStatus>1</itemStatus>
      <LastUpdateDate />
      <LastUpdateTime />
    </Product>
    <Product>
      <PriceUpdateDate>2017/07/10 11:40</PriceUpdateDate>
      <ItemCode>7290014762848</ItemCode>
      <ItemType>1</ItemType>
      <ItemName>פתיתי גלבוע 22% 500ג</ItemName>
      <ManufactureName>תנובה בעמ ***</ManufactureName>
      <ManufactureCountry />
      <ManufactureItemDescription />
      <UnitQty>י"ח</UnitQty>
      <Quantity>500</Quantity>
      <UnitMeasure>ל  גרם</UnitMeasure>
      <BisWeighted>0</BisWeighted>
      <QtyInPackage>1</QtyInPackage>
      <ItemPrice>32.90</ItemPrice>
      <UnitOfMeasurePrice>6.58</UnitOfMeasurePrice>
      <AllowDiscount>1</AllowDiscount>
      <itemStatus>1</itemStatus>
      <LastUpdateDate />
      <LastUpdateTime />
    </Product>
    <Product>
      <PriceUpdateDate>2020/01/02 12:29</PriceUpdateDate>
      <ItemCode>7290014762909</ItemCode>
      <ItemType>1</ItemType>
      <ItemName>פתיתי מוצרלה 200ג</ItemName>
      <ManufactureName>תנובה בעמ ***</ManufactureName>
      <ManufactureCountry />
      <ManufactureItemDescription />
      <UnitQty>י"ח</UnitQty>
      <Quantity>200</Quantity>
      <UnitMeasure>ל  גרם</UnitMeasure>
      <BisWeighted>0</BisWeighted>
      <QtyInPackage>1</QtyInPackage>
      <ItemPrice>15.90</ItemPrice>
      <UnitOfMeasurePrice>7.95</UnitOfMeasurePrice>
      <AllowDiscount>0</AllowDiscount>
      <itemStatus>1</itemStatus>
      <LastUpdateDate />
      <LastUpdateTime />
    </Product>
    <Product>
      <PriceUpdateDate>2020/01/02 12:29</PriceUpdateDate>
      <ItemCode>7290014763098</ItemCode>
      <ItemType>1</ItemType>
      <ItemName>קרם גבינת שמנת 5% טוסקנה</ItemName>
      <ManufactureName>תנובה בעמ ***</ManufactureName>
      <ManufactureCountry />
      <ManufactureItemDescription />
      <UnitQty>י"ח</UnitQty>
      <Quantity>200</Quantity>
      <UnitMeasure>ל  גרם</UnitMeasure>
      <BisWeighted>0</BisWeighted>
      <QtyInPackage>1</QtyInPackage>
      <ItemPrice>10.90</ItemPrice>
      <UnitOfMeasurePrice>5.45</UnitOfMeasurePrice>
      <AllowDiscount>0</AllowDiscount>
      <itemStatus>1</itemStatus>
      <LastUpdateDate />
      <LastUpdateTime />
    </Product>
    <Product>
      <PriceUpdateDate>2020/01/02 12:29</PriceUpdateDate>
      <ItemCode>7290014763319</ItemCode>
      <ItemType>1</ItemType>
      <ItemName>גבינת קרם שמנת עירית ובצל 5%</ItemName>
      <ManufactureName>תנובה בעמ ***</ManufactureName>
      <ManufactureCountry />
      <ManufactureItemDescription />
      <UnitQty>י"ח</UnitQty>
      <Quantity>200</Quantity>
      <UnitMeasure>ל  גרם</UnitMeasure>
      <BisWeighted>0</BisWeighted>
      <QtyInPackage>1</QtyInPackage>
      <ItemPrice>10.90</ItemPrice>
      <UnitOfMeasurePrice>5.45</UnitOfMeasurePrice>
      <AllowDiscount>0</AllowDiscount>
      <itemStatus>1</itemStatus>
      <LastUpdateDate />
      <LastUpdateTime />
    </Product>
    <Product>
      <PriceUpdateDate>2020/01/02 12:29</PriceUpdateDate>
      <ItemCode>7290014763401</ItemCode>
      <ItemType>1</ItemType>
      <ItemName>משקה סויה ביו אפרסק  250מ"ל</ItemName>
      <ManufactureName>תנובה בעמ ***</ManufactureName>
      <ManufactureCountry />
      <ManufactureItemDescription />
      <UnitQty>י"ח</UnitQty>
      <Quantity>0.25</Quantity>
      <UnitMeasure>ליטר</UnitMeasure>
      <BisWeighted>0</BisWeighted>
      <QtyInPackage>1</QtyInPackage>
      <ItemPrice>4.90</ItemPrice>
      <UnitOfMeasurePrice>19.60</UnitOfMeasurePrice>
      <AllowDiscount>0</AllowDiscount>
      <itemStatus>1</itemStatus>
      <LastUpdateDate />
      <LastUpdateTime />
    </Product>
    <Product>
      <PriceUpdateDate>2014/12/23 14:14</PriceUpdateDate>
      <ItemCode>7290014791558</ItemCode>
      <ItemType>1</ItemType>
      <ItemName>שוופס סודה נענע ליים רביעיה 1.5 ל</ItemName>
      <ManufactureName>יפאורה שותפות מוגבלת לשיווק</ManufactureName>
      <ManufactureCountry />
      <ManufactureItemDescription />
      <UnitQty>י"ח</UnitQty>
      <Quantity>6</Quantity>
      <UnitMeasure>ליטר</UnitMeasure>
      <BisWeighted>0</BisWeighted>
      <QtyInPackage>1</QtyInPackage>
      <ItemPrice>11</ItemPrice>
      <UnitOfMeasurePrice>1.83</UnitOfMeasurePrice>
      <AllowDiscount>0</AllowDiscount>
      <itemStatus>1</itemStatus>
      <LastUpdateDate />
      <LastUpdateTime />
    </Product>
    <Product>
      <PriceUpdateDate>2018/10/30 11:03</PriceUpdateDate>
      <ItemCode>7290014791565</ItemCode>
      <ItemType>1</ItemType>
      <ItemName>שוופס מוגז ענבים  1.5 ליטר</ItemName>
      <ManufactureName>יפאורה שותפות מוגבלת לשיווק</ManufactureName>
      <ManufactureCountry />
      <ManufactureItemDescription />
      <UnitQty>י"ח</UnitQty>
      <Quantity>1.50</Quantity>
      <UnitMeasure>ליטר</UnitMeasure>
      <BisWeighted>0</BisWeighted>
      <QtyInPackage>1</QtyInPackage>
      <ItemPrice>6.70</ItemPrice>
      <UnitOfMeasurePrice>4.47</UnitOfMeasurePrice>
      <AllowDiscount>1</AllowDiscount>
      <itemStatus>1</itemStatus>
      <LastUpdateDate />
      <LastUpdateTime />
    </Product>
    <Product>
      <PriceUpdateDate>2015/05/18 17:45</PriceUpdateDate>
      <ItemCode>7290014791770</ItemCode>
      <ItemType>1</ItemType>
      <ItemName>פרוט ווטר ענבים 1.5 ליטר</ItemName>
      <ManufactureName>יפאורה שותפות מוגבלת לשיווק</ManufactureName>
      <ManufactureCountry />
      <ManufactureItemDescription />
      <UnitQty>י"ח</UnitQty>
      <Quantity>1.50</Quantity>
      <UnitMeasure>ליטר</UnitMeasure>
      <BisWeighted>0</BisWeighted>
      <QtyInPackage>1</QtyInPackage>
      <ItemPrice>6.90</ItemPrice>
      <UnitOfMeasurePrice>4.60</UnitOfMeasurePrice>
      <AllowDiscount>1</AllowDiscount>
      <itemStatus>1</itemStatus>
      <LastUpdateDate />
      <LastUpdateTime />
    </Product>
    <Product>
      <PriceUpdateDate>2015/05/18 17:46</PriceUpdateDate>
      <ItemCode>7290014791787</ItemCode>
      <ItemType>1</ItemType>
      <ItemName>פרוט ווטר אננס 1.5 ליטר</ItemName>
      <ManufactureName>יפאורה שותפות מוגבלת לשיווק</ManufactureName>
      <ManufactureCountry />
      <ManufactureItemDescription />
      <UnitQty>י"ח</UnitQty>
      <Quantity>1.50</Quantity>
      <UnitMeasure>ליטר</UnitMeasure>
      <BisWeighted>0</BisWeighted>
      <QtyInPackage>1</QtyInPackage>
      <ItemPrice>6.90</ItemPrice>
      <UnitOfMeasurePrice>4.60</UnitOfMeasurePrice>
      <AllowDiscount>1</AllowDiscount>
      <itemStatus>1</itemStatus>
      <LastUpdateDate />
      <LastUpdateTime />
    </Product>
    <Product>
      <PriceUpdateDate>2015/05/18 17:46</PriceUpdateDate>
      <ItemCode>7290014791800</ItemCode>
      <ItemType>1</ItemType>
      <ItemName>פרוט ווטר אפרסק 1.5 ליטר</ItemName>
      <ManufactureName>יפאורה שותפות מוגבלת לשיווק</ManufactureName>
      <ManufactureCountry />
      <ManufactureItemDescription />
      <UnitQty>י"ח</UnitQty>
      <Quantity>1.50</Quantity>
      <UnitMeasure>ליטר</UnitMeasure>
      <BisWeighted>0</BisWeighted>
      <QtyInPackage>1</QtyInPackage>
      <ItemPrice>6.90</ItemPrice>
      <UnitOfMeasurePrice>4.60</UnitOfMeasurePrice>
      <AllowDiscount>1</AllowDiscount>
      <itemStatus>1</itemStatus>
      <LastUpdateDate />
      <LastUpdateTime />
    </Product>
    <Product>
      <PriceUpdateDate>2015/05/18 17:47</PriceUpdateDate>
      <ItemCode>7290014791817</ItemCode>
      <ItemType>1</ItemType>
      <ItemName>פרוט ווטר אבטיח 1.5 ליטר</ItemName>
      <ManufactureName>יפאורה שותפות מוגבלת לשיווק</ManufactureName>
      <ManufactureCountry />
      <ManufactureItemDescription />
      <UnitQty>י"ח</UnitQty>
      <Quantity>1.50</Quantity>
      <UnitMeasure>ליטר</UnitMeasure>
      <BisWeighted>0</BisWeighted>
      <QtyInPackage>1</QtyInPackage>
      <ItemPrice>6.90</ItemPrice>
      <UnitOfMeasurePrice>4.60</UnitOfMeasurePrice>
      <AllowDiscount>1</AllowDiscount>
      <itemStatus>1</itemStatus>
      <LastUpdateDate />
      <LastUpdateTime />
    </Product>
    <Product>
      <PriceUpdateDate>2016/05/23 15:51</PriceUpdateDate>
      <ItemCode>7290014791824</ItemCode>
      <ItemType>1</ItemType>
      <ItemName>פרוטס ווטר תות 1.5 ליטר</ItemName>
      <ManufactureName>יפאורה שותפות מוגבלת לשיווק</ManufactureName>
      <ManufactureCountry />
      <ManufactureItemDescription />
      <UnitQty>י"ח</UnitQty>
      <Quantity>1.50</Quantity>
      <UnitMeasure>ליטר</UnitMeasure>
      <BisWeighted>0</BisWeighted>
      <QtyInPackage>1</QtyInPackage>
      <ItemPrice>6.90</ItemPrice>
      <UnitOfMeasurePrice>4.60</UnitOfMeasurePrice>
      <AllowDiscount>1</AllowDiscount>
      <itemStatus>1</itemStatus>
      <LastUpdateDate />
      <LastUpdateTime />
    </Product>
    <Product>
      <PriceUpdateDate>2016/01/04 18:53</PriceUpdateDate>
      <ItemCode>7290014803565</ItemCode>
      <ItemType>1</ItemType>
      <ItemName>צנימים חיטה מלאה 300ג</ItemName>
      <ManufactureName>נאמן לאורך זמן בעמ</ManufactureName>
      <ManufactureCountry />
      <ManufactureItemDescription />
      <UnitQty>י"ח</UnitQty>
      <Quantity>300</Quantity>
      <UnitMeasure>ל  גרם</UnitMeasure>
      <BisWeighted>0</BisWeighted>
      <QtyInPackage>1</QtyInPackage>
      <ItemPrice>11.90</ItemPrice>
      <UnitOfMeasurePrice>3.97</UnitOfMeasurePrice>
      <AllowDiscount>0</AllowDiscount>
      <itemStatus>1</itemStatus>
      <LastUpdateDate />
      <LastUpdateTime />
    </Product>
    <Product>
      <PriceUpdateDate>2015/06/14 17:50</PriceUpdateDate>
      <ItemCode>7290014803664</ItemCode>
      <ItemType>1</ItemType>
      <ItemName>מי ורדים  750 מ"ל</ItemName>
      <ManufactureName>נאמן לאורך זמן בעמ</ManufactureName>
      <ManufactureCountry />
      <ManufactureItemDescription />
      <UnitQty>י"ח</UnitQty>
      <Quantity>750</Quantity>
      <UnitMeasure>ל  מ"ל</UnitMeasure>
      <BisWeighted>0</BisWeighted>
      <QtyInPackage>1</QtyInPackage>
      <ItemPrice>13.90</ItemPrice>
      <UnitOfMeasurePrice>1.85</UnitOfMeasurePrice>
      <AllowDiscount>0</AllowDiscount>
      <itemStatus>1</itemStatus>
      <LastUpdateDate />
      <LastUpdateTime />
    </Product>
    <Product>
      <PriceUpdateDate>2019/07/14 09:48</PriceUpdateDate>
      <ItemCode>7290014855458</ItemCode>
      <ItemType>1</ItemType>
      <ItemName>מגבונים בייבי סיטר פרפורמנס רבעייה ללא</ItemName>
      <ManufactureName>שקד תבל בעמ</ManufactureName>
      <ManufactureCountry />
      <ManufactureItemDescription />
      <UnitQty>י"ח</UnitQty>
      <Quantity>1</Quantity>
      <UnitMeasure />
      <BisWeighted>0</BisWeighted>
      <QtyInPackage>1</QtyInPackage>
      <ItemPrice>15.90</ItemPrice>
      <UnitOfMeasurePrice>15.90</UnitOfMeasurePrice>
      <AllowDiscount>1</AllowDiscount>
      <itemStatus>1</itemStatus>
      <LastUpdateDate />
      <LastUpdateTime />
    </Product>
    <Product>
      <PriceUpdateDate>2017/08/04 10:15</PriceUpdateDate>
      <ItemCode>7290014855946</ItemCode>
      <ItemType>1</ItemType>
      <ItemName>מגבונים  טולי מארז 6 יחידות</ItemName>
      <ManufactureName>שקד תבל בעמ</ManufactureName>
      <ManufactureCountry />
      <ManufactureItemDescription />
      <UnitQty>י"ח</UnitQty>
      <Quantity>6</Quantity>
      <UnitMeasure>י"ח</UnitMeasure>
      <BisWeighted>0</BisWeighted>
      <QtyInPackage>1</QtyInPackage>
      <ItemPrice>17.90</ItemPrice>
      <UnitOfMeasurePrice>2.98</UnitOfMeasurePrice>
      <AllowDiscount>1</AllowDiscount>
      <itemStatus>1</itemStatus>
      <LastUpdateDate />
      <LastUpdateTime />
    </Product>
    <Product>
      <PriceUpdateDate>2019/04/04 11:17</PriceUpdateDate>
      <ItemCode>7290014860094</ItemCode>
      <ItemType>1</ItemType>
      <ItemName>מקלוני אורז ללא גלוטן 3מ"מ 454גר</ItemName>
      <ManufactureName>מזרח ומערב יבוא ושיווק</ManufactureName>
      <ManufactureCountry />
      <ManufactureItemDescription />
      <UnitQty>י"ח</UnitQty>
      <Quantity>454</Quantity>
      <UnitMeasure>ל  גרם</UnitMeasure>
      <BisWeighted>0</BisWeighted>
      <QtyInPackage>1</QtyInPackage>
      <ItemPrice>7.90</ItemPrice>
      <UnitOfMeasurePrice>1.74</UnitOfMeasurePrice>
      <AllowDiscount>1</AllowDiscount>
      <itemStatus>1</itemStatus>
      <LastUpdateDate />
      <LastUpdateTime />
    </Product>
    <Product>
      <PriceUpdateDate>2019/06/13 17:09</PriceUpdateDate>
      <ItemCode>7290014905207</ItemCode>
      <ItemType>1</ItemType>
      <ItemName>C W ג ל לאסלה</ItemName>
      <ManufactureName>יעקב יעקבי ובניו בעמ</ManufactureName>
      <ManufactureCountry />
      <ManufactureItemDescription />
      <UnitQty>י"ח</UnitQty>
      <Quantity>750</Quantity>
      <UnitMeasure>ל  מ"ל</UnitMeasure>
      <BisWeighted>0</BisWeighted>
      <QtyInPackage>1</QtyInPackage>
      <ItemPrice>9.80</ItemPrice>
      <UnitOfMeasurePrice>1.31</UnitOfMeasurePrice>
      <AllowDiscount>0</AllowDiscount>
      <itemStatus>1</itemStatus>
      <LastUpdateDate />
      <LastUpdateTime />
    </Product>
    <Product>
      <PriceUpdateDate>2015/08/23 13:41</PriceUpdateDate>
      <ItemCode>7290014905689</ItemCode>
      <ItemType>1</ItemType>
      <ItemName>הפי לכלים ירוק יעקבי</ItemName>
      <ManufactureName>יעקב יעקבי ובניו בעמ</ManufactureName>
      <ManufactureCountry />
      <ManufactureItemDescription />
      <UnitQty>י"ח</UnitQty>
      <Quantity>750</Quantity>
      <UnitMeasure>ל  מ"ל</UnitMeasure>
      <BisWeighted>0</BisWeighted>
      <QtyInPackage>1</QtyInPackage>
      <ItemPrice>7.90</ItemPrice>
      <UnitOfMeasurePrice>1.05</UnitOfMeasurePrice>
      <AllowDiscount>0</AllowDiscount>
      <itemStatus>1</itemStatus>
      <LastUpdateDate />
      <LastUpdateTime />
    </Product>
    <Product>
      <PriceUpdateDate>2015/08/03 14:51</PriceUpdateDate>
      <ItemCode>7290014905696</ItemCode>
      <ItemType>1</ItemType>
      <ItemName>הפי לכלים  לימון יעקבי</ItemName>
      <ManufactureName>יעקב יעקבי ובניו בעמ</ManufactureName>
      <ManufactureCountry />
      <ManufactureItemDescription />
      <UnitQty>י"ח</UnitQty>
      <Quantity>750</Quantity>
      <UnitMeasure>ל  מ"ל</UnitMeasure>
      <BisWeighted>0</BisWeighted>
      <QtyInPackage>1</QtyInPackage>
      <ItemPrice>7.90</ItemPrice>
      <UnitOfMeasurePrice>1.05</UnitOfMeasurePrice>
      <AllowDiscount>0</AllowDiscount>
      <itemStatus>1</itemStatus>
      <LastUpdateDate />
      <LastUpdateTime />
    </Product>
    <Product>
      <PriceUpdateDate>2014/11/26 12:34</PriceUpdateDate>
      <ItemCode>7290014905733</ItemCode>
      <ItemType>1</ItemType>
      <ItemName>הפי פרפקט לשמשות 750מ"ל</ItemName>
      <ManufactureName>יעקב יעקבי ובניו בעמ</ManufactureName>
      <ManufactureCountry />
      <ManufactureItemDescription />
      <UnitQty>י"ח</UnitQty>
      <Quantity>750</Quantity>
      <UnitMeasure>ל  מ"ל</UnitMeasure>
      <BisWeighted>0</BisWeighted>
      <QtyInPackage>1</QtyInPackage>
      <ItemPrice>8.90</ItemPrice>
      <UnitOfMeasurePrice>1.19</UnitOfMeasurePrice>
      <AllowDiscount>0</AllowDiscount>
      <itemStatus>1</itemStatus>
      <LastUpdateDate />
      <LastUpdateTime />
    </Product>
    <Product>
      <PriceUpdateDate>2016/07/18 19:25</PriceUpdateDate>
      <ItemCode>7290014940093</ItemCode>
      <ItemType>1</ItemType>
      <ItemName>לחמניות קלות 300גר</ItemName>
      <ManufactureName>שלמה א.אנג ל בעמ</ManufactureName>
      <ManufactureCountry />
      <ManufactureItemDescription />
      <UnitQty>י"ח</UnitQty>
      <Quantity>300</Quantity>
      <UnitMeasure>ל  גרם</UnitMeasure>
      <BisWeighted>0</BisWeighted>
      <QtyInPackage>1</QtyInPackage>
      <ItemPrice>12.90</ItemPrice>
      <UnitOfMeasurePrice>4.30</UnitOfMeasurePrice>
      <AllowDiscount>0</AllowDiscount>
      <itemStatus>1</itemStatus>
      <LastUpdateDate />
      <LastUpdateTime />
    </Product>
    <Product>
      <PriceUpdateDate>2017/12/27 10:50</PriceUpdateDate>
      <ItemCode>7290014940901</ItemCode>
      <ItemType>1</ItemType>
      <ItemName>לחם פשוט מלא</ItemName>
      <ManufactureName>שלמה א.אנג ל בעמ</ManufactureName>
      <ManufactureCountry />
      <ManufactureItemDescription />
      <UnitQty>י"ח</UnitQty>
      <Quantity>750</Quantity>
      <UnitMeasure>ל  גרם</UnitMeasure>
      <BisWeighted>0</BisWeighted>
      <QtyInPackage>1</QtyInPackage>
      <ItemPrice>14.90</ItemPrice>
      <UnitOfMeasurePrice>1.99</UnitOfMeasurePrice>
      <AllowDiscount>1</AllowDiscount>
      <itemStatus>1</itemStatus>
      <LastUpdateDate />
      <LastUpdateTime />
    </Product>
    <Product>
      <PriceUpdateDate>2020/04/16 13:46</PriceUpdateDate>
      <ItemCode>7290014945630</ItemCode>
      <ItemType>1</ItemType>
      <ItemName>כפפות נצמדות 100 יח L</ItemName>
      <ManufactureName>מ.א.ייצור ויבוא</ManufactureName>
      <ManufactureCountry />
      <ManufactureItemDescription />
      <UnitQty>י"ח</UnitQty>
      <Quantity>100</Quantity>
      <UnitMeasure>י"ח</UnitMeasure>
      <BisWeighted>0</BisWeighted>
      <QtyInPackage>1</QtyInPackage>
      <ItemPrice>24.90</ItemPrice>
      <UnitOfMeasurePrice>0.25</UnitOfMeasurePrice>
      <AllowDiscount>0</AllowDiscount>
      <itemStatus>1</itemStatus>
      <LastUpdateDate />
      <LastUpdateTime />
    </Product>
    <Product>
      <PriceUpdateDate>2016/04/01 09:25</PriceUpdateDate>
      <ItemCode>7290014945890</ItemCode>
      <ItemType>1</ItemType>
      <ItemName>מברשת שטיחים</ItemName>
      <ManufactureName>*** מ.א.ייצור ויבוא מטליות</ManufactureName>
      <ManufactureCountry />
      <ManufactureItemDescription />
      <UnitQty>י"ח</UnitQty>
      <Quantity>1</Quantity>
      <UnitMeasure>י"ח</UnitMeasure>
      <BisWeighted>0</BisWeighted>
      <QtyInPackage>1</QtyInPackage>
      <ItemPrice>16.90</ItemPrice>
      <UnitOfMeasurePrice>16.90</UnitOfMeasurePrice>
      <AllowDiscount>0</AllowDiscount>
      <itemStatus>1</itemStatus>
      <LastUpdateDate />
      <LastUpdateTime />
    </Product>
    <Product>
      <PriceUpdateDate>2014/09/04 08:43</PriceUpdateDate>
      <ItemCode>7290015005371</ItemCode>
      <ItemType>1</ItemType>
      <ItemName>גזר גמדי  800 ג[המותג][קפוא]</ItemName>
      <ManufactureName>ויטה פרי גליל (החדשה) בעמ</ManufactureName>
      <ManufactureCountry />
      <ManufactureItemDescription />
      <UnitQty>י"ח</UnitQty>
      <Quantity>0.80</Quantity>
      <UnitMeasure>ק"ג</UnitMeasure>
      <BisWeighted>0</BisWeighted>
      <QtyInPackage>1</QtyInPackage>
      <ItemPrice>8.90</ItemPrice>
      <UnitOfMeasurePrice>11.13</UnitOfMeasurePrice>
      <AllowDiscount>0</AllowDiscount>
      <itemStatus>1</itemStatus>
      <LastUpdateDate />
      <LastUpdateTime />
    </Product>
    <Product>
      <PriceUpdateDate>2014/12/08 11:38</PriceUpdateDate>
      <ItemCode>7290015005418</ItemCode>
      <ItemType>1</ItemType>
      <ItemName>תירס   800 ג[המותג][קפוא]</ItemName>
      <ManufactureName>ויטה פרי גליל (החדשה) בעמ</ManufactureName>
      <ManufactureCountry />
      <ManufactureItemDescription />
      <UnitQty>י"ח</UnitQty>
      <Quantity>0.80</Quantity>
      <UnitMeasure>ק"ג</UnitMeasure>
      <BisWeighted>0</BisWeighted>
      <QtyInPackage>1</QtyInPackage>
      <ItemPrice>10.90</ItemPrice>
      <UnitOfMeasurePrice>13.63</UnitOfMeasurePrice>
      <AllowDiscount>0</AllowDiscount>
      <itemStatus>1</itemStatus>
      <LastUpdateDate />
      <LastUpdateTime />
    </Product>
    <Product>
      <PriceUpdateDate>2020/01/28 09:08</PriceUpdateDate>
      <ItemCode>7290015014021</ItemCode>
      <ItemType>1</ItemType>
      <ItemName>לבבות חסה מהדרין</ItemName>
      <ManufactureName>ביכורי הנגב מ.ד בעמ</ManufactureName>
      <ManufactureCountry />
      <ManufactureItemDescription />
      <UnitQty>י"ח</UnitQty>
      <Quantity>1</Quantity>
      <UnitMeasure />
      <BisWeighted>0</BisWeighted>
      <QtyInPackage>1</QtyInPackage>
      <ItemPrice>9.90</ItemPrice>
      <UnitOfMeasurePrice>9.90</UnitOfMeasurePrice>
      <AllowDiscount>0</AllowDiscount>
      <itemStatus>1</itemStatus>
      <LastUpdateDate />
      <LastUpdateTime />
    </Product>
    <Product>
      <PriceUpdateDate>2017/12/31 11:53</PriceUpdateDate>
      <ItemCode>7290015014168</ItemCode>
      <ItemType>1</ItemType>
      <ItemName>בייבי מיקס בוסטן</ItemName>
      <ManufactureName>ביכורי הנגב מ.ד בעמ</ManufactureName>
      <ManufactureCountry />
      <ManufactureItemDescription />
      <UnitQty>י"ח</UnitQty>
      <Quantity>300</Quantity>
      <UnitMeasure>ל  גרם</UnitMeasure>
      <BisWeighted>0</BisWeighted>
      <QtyInPackage>1</QtyInPackage>
      <ItemPrice>9.90</ItemPrice>
      <UnitOfMeasurePrice>3.30</UnitOfMeasurePrice>
      <AllowDiscount>0</AllowDiscount>
      <itemStatus>1</itemStatus>
      <LastUpdateDate />
      <LastUpdateTime />
    </Product>
    <Product>
      <PriceUpdateDate>2020/02/16 14:27</PriceUpdateDate>
      <ItemCode>7290015014182</ItemCode>
      <ItemType>1</ItemType>
      <ItemName>לבבות קיסר</ItemName>
      <ManufactureName>ביכורי הנגב מ.ד בעמ</ManufactureName>
      <ManufactureCountry />
      <ManufactureItemDescription />
      <UnitQty>י"ח</UnitQty>
      <Quantity>300</Quantity>
      <UnitMeasure>ל  גרם</UnitMeasure>
      <BisWeighted>0</BisWeighted>
      <QtyInPackage>1</QtyInPackage>
      <ItemPrice>11.90</ItemPrice>
      <UnitOfMeasurePrice>3.97</UnitOfMeasurePrice>
      <AllowDiscount>1</AllowDiscount>
      <itemStatus>1</itemStatus>
      <LastUpdateDate />
      <LastUpdateTime />
    </Product>
    <Product>
      <PriceUpdateDate>2020/02/25 10:11</PriceUpdateDate>
      <ItemCode>7290015014274</ItemCode>
      <ItemType>1</ItemType>
      <ItemName>צנונית ארוזה</ItemName>
      <ManufactureName>ביכורי הנגב מ.ד בעמ</ManufactureName>
      <ManufactureCountry />
      <ManufactureItemDescription />
      <UnitQty>י"ח</UnitQty>
      <Quantity>1</Quantity>
      <UnitMeasure />
      <BisWeighted>0</BisWeighted>
      <QtyInPackage>1</QtyInPackage>
      <ItemPrice>6.90</ItemPrice>
      <UnitOfMeasurePrice>6.90</UnitOfMeasurePrice>
      <AllowDiscount>1</AllowDiscount>
      <itemStatus>1</itemStatus>
      <LastUpdateDate />
      <LastUpdateTime />
    </Product>
    <Product>
      <PriceUpdateDate>2017/12/31 11:53</PriceUpdateDate>
      <ItemCode>7290015014427</ItemCode>
      <ItemType>1</ItemType>
      <ItemName>אורגנו</ItemName>
      <ManufactureName>ביכורי הנגב מ.ד בעמ</ManufactureName>
      <ManufactureCountry />
      <ManufactureItemDescription />
      <UnitQty>י"ח</UnitQty>
      <Quantity>1</Quantity>
      <UnitMeasure />
      <BisWeighted>0</BisWeighted>
      <QtyInPackage>1</QtyInPackage>
      <ItemPrice>5.90</ItemPrice>
      <UnitOfMeasurePrice>5.90</UnitOfMeasurePrice>
      <AllowDiscount>0</AllowDiscount>
      <itemStatus>1</itemStatus>
      <LastUpdateDate />
      <LastUpdateTime />
    </Product>
    <Product>
      <PriceUpdateDate>2017/12/31 11:52</PriceUpdateDate>
      <ItemCode>7290015014465</ItemCode>
      <ItemType>1</ItemType>
      <ItemName>רוזמרין</ItemName>
      <ManufactureName>ביכורי הנגב מ.ד בעמ</ManufactureName>
      <ManufactureCountry />
      <ManufactureItemDescription />
      <UnitQty>י"ח</UnitQty>
      <Quantity>1</Quantity>
      <UnitMeasure />
      <BisWeighted>0</BisWeighted>
      <QtyInPackage>1</QtyInPackage>
      <ItemPrice>5.90</ItemPrice>
      <UnitOfMeasurePrice>5.90</UnitOfMeasurePrice>
      <AllowDiscount>0</AllowDiscount>
      <itemStatus>1</itemStatus>
      <LastUpdateDate />
      <LastUpdateTime />
    </Product>
    <Product>
      <PriceUpdateDate>2017/12/31 11:52</PriceUpdateDate>
      <ItemCode>7290015014472</ItemCode>
      <ItemType>1</ItemType>
      <ItemName>טימין</ItemName>
      <ManufactureName>ביכורי הנגב מ.ד בעמ</ManufactureName>
      <ManufactureCountry />
      <ManufactureItemDescription />
      <UnitQty>י"ח</UnitQty>
      <Quantity>1</Quantity>
      <UnitMeasure />
      <BisWeighted>0</BisWeighted>
      <QtyInPackage>1</QtyInPackage>
      <ItemPrice>5.90</ItemPrice>
      <UnitOfMeasurePrice>5.90</UnitOfMeasurePrice>
      <AllowDiscount>0</AllowDiscount>
      <itemStatus>1</itemStatus>
      <LastUpdateDate />
      <LastUpdateTime />
    </Product>
    <Product>
      <PriceUpdateDate>2014/07/14 10:32</PriceUpdateDate>
      <ItemCode>7290015039253</ItemCode>
      <ItemType>1</ItemType>
      <ItemName>עלי גפן במלח 620</ItemName>
      <ManufactureName>ג.וילי פוד אינטרנשיונל בעמ</ManufactureName>
      <ManufactureCountry />
      <ManufactureItemDescription />
      <UnitQty>י"ח</UnitQty>
      <Quantity>620</Quantity>
      <UnitMeasure>ל  גרם</UnitMeasure>
      <BisWeighted>0</BisWeighted>
      <QtyInPackage>1</QtyInPackage>
      <ItemPrice>10.20</ItemPrice>
      <UnitOfMeasurePrice>1.65</UnitOfMeasurePrice>
      <AllowDiscount>0</AllowDiscount>
      <itemStatus>1</itemStatus>
      <LastUpdateDate />
      <LastUpdateTime />
    </Product>
    <Product>
      <PriceUpdateDate>2017/10/17 16:48</PriceUpdateDate>
      <ItemCode>7290015039338</ItemCode>
      <ItemType>1</ItemType>
      <ItemName>נתחי טונה במים רביעייה 160ג</ItemName>
      <ManufactureName>ג.וילי פוד אינטרנשיונל בעמ</ManufactureName>
      <ManufactureCountry />
      <ManufactureItemDescription />
      <UnitQty>י"ח</UnitQty>
      <Quantity>640</Quantity>
      <UnitMeasure>ל  גרם</UnitMeasure>
      <BisWeighted>0</BisWeighted>
      <QtyInPackage>1</QtyInPackage>
      <ItemPrice>21.90</ItemPrice>
      <UnitOfMeasurePrice>3.42</UnitOfMeasurePrice>
      <AllowDiscount>0</AllowDiscount>
      <itemStatus>1</itemStatus>
      <LastUpdateDate />
      <LastUpdateTime />
    </Product>
    <Product>
      <PriceUpdateDate>2019/06/13 17:11</PriceUpdateDate>
      <ItemCode>7290015080231</ItemCode>
      <ItemType>1</ItemType>
      <ItemName>נוי שיער</ItemName>
      <ManufactureName>עדי קולקשיין</ManufactureName>
      <ManufactureCountry />
      <ManufactureItemDescription />
      <UnitQty>י"ח</UnitQty>
      <Quantity>1</Quantity>
      <UnitMeasure />
      <BisWeighted>0</BisWeighted>
      <QtyInPackage>1</QtyInPackage>
      <ItemPrice>11.90</ItemPrice>
      <UnitOfMeasurePrice>11.90</UnitOfMeasurePrice>
      <AllowDiscount>0</AllowDiscount>
      <itemStatus>1</itemStatus>
      <LastUpdateDate />
      <LastUpdateTime />
    </Product>
    <Product>
      <PriceUpdateDate>2020/04/01 09:35</PriceUpdateDate>
      <ItemCode>7290015080767</ItemCode>
      <ItemType>1</ItemType>
      <ItemName>ארנק</ItemName>
      <ManufactureName>עדי קולקשיין</ManufactureName>
      <ManufactureCountry />
      <ManufactureItemDescription />
      <UnitQty>י"ח</UnitQty>
      <Quantity>1</Quantity>
      <UnitMeasure />
      <BisWeighted>0</BisWeighted>
      <QtyInPackage>1</QtyInPackage>
      <ItemPrice>13.90</ItemPrice>
      <UnitOfMeasurePrice>13.90</UnitOfMeasurePrice>
      <AllowDiscount>0</AllowDiscount>
      <itemStatus>1</itemStatus>
      <LastUpdateDate />
      <LastUpdateTime />
    </Product>
    <Product>
      <PriceUpdateDate>2016/07/10 17:04</PriceUpdateDate>
      <ItemCode>7290015150088</ItemCode>
      <ItemType>1</ItemType>
      <ItemName>מחית עגבניות גרנד איטליה 700גר</ItemName>
      <ManufactureName>תה ויסוצקי (ישראל)בעמ</ManufactureName>
      <ManufactureCountry />
      <ManufactureItemDescription />
      <UnitQty>י"ח</UnitQty>
      <Quantity>700</Quantity>
      <UnitMeasure>ל  גרם</UnitMeasure>
      <BisWeighted>0</BisWeighted>
      <QtyInPackage>1</QtyInPackage>
      <ItemPrice>12.50</ItemPrice>
      <UnitOfMeasurePrice>1.79</UnitOfMeasurePrice>
      <AllowDiscount>1</AllowDiscount>
      <itemStatus>1</itemStatus>
      <LastUpdateDate />
      <LastUpdateTime />
    </Product>
    <Product>
      <PriceUpdateDate>2018/06/13 18:50</PriceUpdateDate>
      <ItemCode>7290015150118</ItemCode>
      <ItemType>1</ItemType>
      <ItemName>עגבניות חתוכות גרנד איטליה   400ג3X</ItemName>
      <ManufactureName>תה ויסוצקי (ישראל)בעמ</ManufactureName>
      <ManufactureCountry />
      <ManufactureItemDescription />
      <UnitQty>י"ח</UnitQty>
      <Quantity>400</Quantity>
      <UnitMeasure>ל  גרם</UnitMeasure>
      <BisWeighted>0</BisWeighted>
      <QtyInPackage>1</QtyInPackage>
      <ItemPrice>16.90</ItemPrice>
      <UnitOfMeasurePrice>4.23</UnitOfMeasurePrice>
      <AllowDiscount>1</AllowDiscount>
      <itemStatus>1</itemStatus>
      <LastUpdateDate />
      <LastUpdateTime />
    </Product>
    <Product>
      <PriceUpdateDate>2017/02/12 13:23</PriceUpdateDate>
      <ItemCode>7290015150200</ItemCode>
      <ItemType>1</ItemType>
      <ItemName>עגבנות חתוכות דק 400גר</ItemName>
      <ManufactureName>תה ויסוצקי (ישראל)בעמ</ManufactureName>
      <ManufactureCountry />
      <ManufactureItemDescription />
      <UnitQty>י"ח</UnitQty>
      <Quantity>400</Quantity>
      <UnitMeasure>ל  גרם</UnitMeasure>
      <BisWeighted>0</BisWeighted>
      <QtyInPackage>1</QtyInPackage>
      <ItemPrice>5.90</ItemPrice>
      <UnitOfMeasurePrice>1.48</UnitOfMeasurePrice>
      <AllowDiscount>0</AllowDiscount>
      <itemStatus>1</itemStatus>
      <LastUpdateDate />
      <LastUpdateTime />
    </Product>
    <Product>
      <PriceUpdateDate>2014/04/10 16:14</PriceUpdateDate>
      <ItemCode>7290015155021</ItemCode>
      <ItemType>1</ItemType>
      <ItemName>פרמיו חטיף דנטלי לכלבים מגזע קטן</ItemName>
      <ManufactureName>גורי מוצרי צריכה בעמ</ManufactureName>
      <ManufactureCountry />
      <ManufactureItemDescription />
      <UnitQty>י"ח</UnitQty>
      <Quantity>270</Quantity>
      <UnitMeasure>ל  גרם</UnitMeasure>
      <BisWeighted>0</BisWeighted>
      <QtyInPackage>1</QtyInPackage>
      <ItemPrice>16.90</ItemPrice>
      <UnitOfMeasurePrice>6.26</UnitOfMeasurePrice>
      <AllowDiscount>0</AllowDiscount>
      <itemStatus>1</itemStatus>
      <LastUpdateDate />
      <LastUpdateTime />
    </Product>
    <Product>
      <PriceUpdateDate>2019/02/11 12:13</PriceUpdateDate>
      <ItemCode>7290015155823</ItemCode>
      <ItemType>1</ItemType>
      <ItemName>פרינוק מחית תפוח 120ג פאוץ</ItemName>
      <ManufactureName>גורי מוצרי צריכה בעמ</ManufactureName>
      <ManufactureCountry />
      <ManufactureItemDescription />
      <UnitQty>י"ח</UnitQty>
      <Quantity>120</Quantity>
      <UnitMeasure>ל  גרם</UnitMeasure>
      <BisWeighted>0</BisWeighted>
      <QtyInPackage>1</QtyInPackage>
      <ItemPrice>4.90</ItemPrice>
      <UnitOfMeasurePrice>4.08</UnitOfMeasurePrice>
      <AllowDiscount>0</AllowDiscount>
      <itemStatus>1</itemStatus>
      <LastUpdateDate />
      <LastUpdateTime />
    </Product>
    <Product>
      <PriceUpdateDate>2019/02/11 12:13</PriceUpdateDate>
      <ItemCode>7290015155830</ItemCode>
      <ItemType>1</ItemType>
      <ItemName>פרינוק מחית תפוח ובננה 120ג</ItemName>
      <ManufactureName>גורי מוצרי צריכה בעמ</ManufactureName>
      <ManufactureCountry />
      <ManufactureItemDescription />
      <UnitQty>י"ח</UnitQty>
      <Quantity>120</Quantity>
      <UnitMeasure>ל  גרם</UnitMeasure>
      <BisWeighted>0</BisWeighted>
      <QtyInPackage>1</QtyInPackage>
      <ItemPrice>4.90</ItemPrice>
      <UnitOfMeasurePrice>4.08</UnitOfMeasurePrice>
      <AllowDiscount>0</AllowDiscount>
      <itemStatus>1</itemStatus>
      <LastUpdateDate />
      <LastUpdateTime />
    </Product>
    <Product>
      <PriceUpdateDate>2019/02/11 12:13</PriceUpdateDate>
      <ItemCode>7290015155847</ItemCode>
      <ItemType>1</ItemType>
      <ItemName>פרינוק מחית תסלט פירות  120ג</ItemName>
      <ManufactureName>גורי מוצרי צריכה בעמ</ManufactureName>
      <ManufactureCountry />
      <ManufactureItemDescription />
      <UnitQty>י"ח</UnitQty>
      <Quantity>120</Quantity>
      <UnitMeasure>ל  גרם</UnitMeasure>
      <BisWeighted>0</BisWeighted>
      <QtyInPackage>1</QtyInPackage>
      <ItemPrice>4.90</ItemPrice>
      <UnitOfMeasurePrice>4.08</UnitOfMeasurePrice>
      <AllowDiscount>0</AllowDiscount>
      <itemStatus>1</itemStatus>
      <LastUpdateDate />
      <LastUpdateTime />
    </Product>
    <Product>
      <PriceUpdateDate>2017/10/19 14:02</PriceUpdateDate>
      <ItemCode>7290015155878</ItemCode>
      <ItemType>1</ItemType>
      <ItemName>חטיפטף בטעם טבעי 28גר</ItemName>
      <ManufactureName>גורי מוצרי צריכה בעמ</ManufactureName>
      <ManufactureCountry />
      <ManufactureItemDescription />
      <UnitQty>י"ח</UnitQty>
      <Quantity>1</Quantity>
      <UnitMeasure />
      <BisWeighted>0</BisWeighted>
      <QtyInPackage>1</QtyInPackage>
      <ItemPrice>7.90</ItemPrice>
      <UnitOfMeasurePrice>7.90</UnitOfMeasurePrice>
      <AllowDiscount>0</AllowDiscount>
      <itemStatus>1</itemStatus>
      <LastUpdateDate />
      <LastUpdateTime />
    </Product>
    <Product>
      <PriceUpdateDate>2019/02/11 12:13</PriceUpdateDate>
      <ItemCode>7290015156790</ItemCode>
      <ItemType>1</ItemType>
      <ItemName>פרינוק מחית לפתן פירות 120ג</ItemName>
      <ManufactureName>גורי מוצרי צריכה בעמ</ManufactureName>
      <ManufactureCountry />
      <ManufactureItemDescription />
      <UnitQty>י"ח</UnitQty>
      <Quantity>120</Quantity>
      <UnitMeasure>ל  גרם</UnitMeasure>
      <BisWeighted>0</BisWeighted>
      <QtyInPackage>1</QtyInPackage>
      <ItemPrice>4.90</ItemPrice>
      <UnitOfMeasurePrice>4.08</UnitOfMeasurePrice>
      <AllowDiscount>0</AllowDiscount>
      <itemStatus>1</itemStatus>
      <LastUpdateDate />
      <LastUpdateTime />
    </Product>
    <Product>
      <PriceUpdateDate>2019/04/04 11:17</PriceUpdateDate>
      <ItemCode>7290015164832</ItemCode>
      <ItemType>1</ItemType>
      <ItemName>מחית קארי ירוקה 400גר</ItemName>
      <ManufactureName>מזרח ומערב יבוא ושיווק</ManufactureName>
      <ManufactureCountry />
      <ManufactureItemDescription />
      <UnitQty>י"ח</UnitQty>
      <Quantity>400</Quantity>
      <UnitMeasure>ל  גרם</UnitMeasure>
      <BisWeighted>0</BisWeighted>
      <QtyInPackage>1</QtyInPackage>
      <ItemPrice>17.90</ItemPrice>
      <UnitOfMeasurePrice>4.48</UnitOfMeasurePrice>
      <AllowDiscount>0</AllowDiscount>
      <itemStatus>1</itemStatus>
      <LastUpdateDate />
      <LastUpdateTime />
    </Product>
    <Product>
      <PriceUpdateDate>2020/04/05 14:29</PriceUpdateDate>
      <ItemCode>7290015220644</ItemCode>
      <ItemType>1</ItemType>
      <ItemName>סבון ידיים  אורכידיה  1/3</ItemName>
      <ManufactureName>א.ג בחירה חכמה בעמ</ManufactureName>
      <ManufactureCountry />
      <ManufactureItemDescription />
      <UnitQty>י"ח</UnitQty>
      <Quantity>1.50</Quantity>
      <UnitMeasure>ליטר</UnitMeasure>
      <BisWeighted>0</BisWeighted>
      <QtyInPackage>1</QtyInPackage>
      <ItemPrice>10.90</ItemPrice>
      <UnitOfMeasurePrice>7.27</UnitOfMeasurePrice>
      <AllowDiscount>1</AllowDiscount>
      <itemStatus>1</itemStatus>
      <LastUpdateDate />
      <LastUpdateTime />
    </Product>
    <Product>
      <PriceUpdateDate>2019/01/09 16:09</PriceUpdateDate>
      <ItemCode>7290015282048</ItemCode>
      <ItemType>1</ItemType>
      <ItemName>חומוס מזרחי 300גר`</ItemName>
      <ManufactureName>סלטי שמיר2006בעמ</ManufactureName>
      <ManufactureCountry />
      <ManufactureItemDescription />
      <UnitQty>י"ח</UnitQty>
      <Quantity>330</Quantity>
      <UnitMeasure>ל  גרם</UnitMeasure>
      <BisWeighted>0</BisWeighted>
      <QtyInPackage>1</QtyInPackage>
      <ItemPrice>8.90</ItemPrice>
      <UnitOfMeasurePrice>2.70</UnitOfMeasurePrice>
      <AllowDiscount>0</AllowDiscount>
      <itemStatus>1</itemStatus>
      <LastUpdateDate />
      <LastUpdateTime />
    </Product>
    <Product>
      <PriceUpdateDate>2019/01/09 16:09</PriceUpdateDate>
      <ItemCode>7290015282284</ItemCode>
      <ItemType>1</ItemType>
      <ItemName>כרוב אדום שמיר  300ג</ItemName>
      <ManufactureName>סלטי שמיר2006בעמ</ManufactureName>
      <ManufactureCountry />
      <ManufactureItemDescription />
      <UnitQty>י"ח</UnitQty>
      <Quantity>330</Quantity>
      <UnitMeasure>ל  גרם</UnitMeasure>
      <BisWeighted>0</BisWeighted>
      <QtyInPackage>1</QtyInPackage>
      <ItemPrice>8.90</ItemPrice>
      <UnitOfMeasurePrice>2.70</UnitOfMeasurePrice>
      <AllowDiscount>0</AllowDiscount>
      <itemStatus>1</itemStatus>
      <LastUpdateDate />
      <LastUpdateTime />
    </Product>
    <Product>
      <PriceUpdateDate>2019/01/09 16:09</PriceUpdateDate>
      <ItemCode>7290015282291</ItemCode>
      <ItemType>1</ItemType>
      <ItemName>טחינה ביתית  300ג</ItemName>
      <ManufactureName>סלטי שמיר2006בעמ</ManufactureName>
      <ManufactureCountry />
      <ManufactureItemDescription />
      <UnitQty>י"ח</UnitQty>
      <Quantity>330</Quantity>
      <UnitMeasure>ל  גרם</UnitMeasure>
      <BisWeighted>0</BisWeighted>
      <QtyInPackage>1</QtyInPackage>
      <ItemPrice>8.90</ItemPrice>
      <UnitOfMeasurePrice>2.70</UnitOfMeasurePrice>
      <AllowDiscount>0</AllowDiscount>
      <itemStatus>1</itemStatus>
      <LastUpdateDate />
      <LastUpdateTime />
    </Product>
    <Product>
      <PriceUpdateDate>2019/01/09 16:09</PriceUpdateDate>
      <ItemCode>7290015282321</ItemCode>
      <ItemType>1</ItemType>
      <ItemName>סלק   300ג</ItemName>
      <ManufactureName>סלטי שמיר2006בעמ</ManufactureName>
      <ManufactureCountry />
      <ManufactureItemDescription />
      <UnitQty>י"ח</UnitQty>
      <Quantity>330</Quantity>
      <UnitMeasure>ל  גרם</UnitMeasure>
      <BisWeighted>0</BisWeighted>
      <QtyInPackage>1</QtyInPackage>
      <ItemPrice>8.90</ItemPrice>
      <UnitOfMeasurePrice>2.70</UnitOfMeasurePrice>
      <AllowDiscount>0</AllowDiscount>
      <itemStatus>1</itemStatus>
      <LastUpdateDate />
      <LastUpdateTime />
    </Product>
    <Product>
      <PriceUpdateDate>2017/03/19 11:30</PriceUpdateDate>
      <ItemCode>7290015282338</ItemCode>
      <ItemType>1</ItemType>
      <ItemName>מטבוחה  300ג</ItemName>
      <ManufactureName>סלטי שמיר2006בעמ</ManufactureName>
      <ManufactureCountry />
      <ManufactureItemDescription />
      <UnitQty>י"ח</UnitQty>
      <Quantity>330</Quantity>
      <UnitMeasure>ל  גרם</UnitMeasure>
      <BisWeighted>0</BisWeighted>
      <QtyInPackage>1</QtyInPackage>
      <ItemPrice>8.90</ItemPrice>
      <UnitOfMeasurePrice>2.70</UnitOfMeasurePrice>
      <AllowDiscount>0</AllowDiscount>
      <itemStatus>1</itemStatus>
      <LastUpdateDate />
      <LastUpdateTime />
    </Product>
    <Product>
      <PriceUpdateDate>2019/01/09 16:09</PriceUpdateDate>
      <ItemCode>7290015282390</ItemCode>
      <ItemType>1</ItemType>
      <ItemName>תורכי  200ג</ItemName>
      <ManufactureName>סלטי שמיר2006בעמ</ManufactureName>
      <ManufactureCountry />
      <ManufactureItemDescription />
      <UnitQty>י"ח</UnitQty>
      <Quantity>200</Quantity>
      <UnitMeasure>ל  גרם</UnitMeasure>
      <BisWeighted>0</BisWeighted>
      <QtyInPackage>1</QtyInPackage>
      <ItemPrice>7.90</ItemPrice>
      <UnitOfMeasurePrice>3.95</UnitOfMeasurePrice>
      <AllowDiscount>0</AllowDiscount>
      <itemStatus>1</itemStatus>
      <LastUpdateDate />
      <LastUpdateTime />
    </Product>
    <Product>
      <PriceUpdateDate>2019/01/09 16:09</PriceUpdateDate>
      <ItemCode>7290015282697</ItemCode>
      <ItemType>1</ItemType>
      <ItemName>כרוב אדום  200ג</ItemName>
      <ManufactureName>סלטי שמיר2006בעמ</ManufactureName>
      <ManufactureCountry />
      <ManufactureItemDescription />
      <UnitQty>י"ח</UnitQty>
      <Quantity>200</Quantity>
      <UnitMeasure>ל  גרם</UnitMeasure>
      <BisWeighted>0</BisWeighted>
      <QtyInPackage>1</QtyInPackage>
      <ItemPrice>7.90</ItemPrice>
      <UnitOfMeasurePrice>3.95</UnitOfMeasurePrice>
      <AllowDiscount>0</AllowDiscount>
      <itemStatus>1</itemStatus>
      <LastUpdateDate />
      <LastUpdateTime />
    </Product>
    <Product>
      <PriceUpdateDate>2019/01/09 16:09</PriceUpdateDate>
      <ItemCode>7290015282710</ItemCode>
      <ItemType>1</ItemType>
      <ItemName>קוביות סלק  200ג</ItemName>
      <ManufactureName>סלטי שמיר2006בעמ</ManufactureName>
      <ManufactureCountry />
      <ManufactureItemDescription />
      <UnitQty>י"ח</UnitQty>
      <Quantity>200</Quantity>
      <UnitMeasure>ל  גרם</UnitMeasure>
      <BisWeighted>0</BisWeighted>
      <QtyInPackage>1</QtyInPackage>
      <ItemPrice>7.90</ItemPrice>
      <UnitOfMeasurePrice>3.95</UnitOfMeasurePrice>
      <AllowDiscount>0</AllowDiscount>
      <itemStatus>1</itemStatus>
      <LastUpdateDate />
      <LastUpdateTime />
    </Product>
    <Product>
      <PriceUpdateDate>2019/01/09 16:09</PriceUpdateDate>
      <ItemCode>7290015282734</ItemCode>
      <ItemType>1</ItemType>
      <ItemName>מטבוחה ביתית  200ג</ItemName>
      <ManufactureName>סלטי שמיר2006בעמ</ManufactureName>
      <ManufactureCountry />
      <ManufactureItemDescription />
      <UnitQty>י"ח</UnitQty>
      <Quantity>200</Quantity>
      <UnitMeasure>ל  גרם</UnitMeasure>
      <BisWeighted>0</BisWeighted>
      <QtyInPackage>1</QtyInPackage>
      <ItemPrice>7.90</ItemPrice>
      <UnitOfMeasurePrice>3.95</UnitOfMeasurePrice>
      <AllowDiscount>0</AllowDiscount>
      <itemStatus>1</itemStatus>
      <LastUpdateDate />
      <LastUpdateTime />
    </Product>
    <Product>
      <PriceUpdateDate>2020/02/06 10:27</PriceUpdateDate>
      <ItemCode>7290015299008</ItemCode>
      <ItemType>1</ItemType>
      <ItemName>כיסוי לאסלה 10יח בקופסא</ItemName>
      <ManufactureName>הו רפואה</ManufactureName>
      <ManufactureCountry />
      <ManufactureItemDescription />
      <UnitQty>י"ח</UnitQty>
      <Quantity>1</Quantity>
      <UnitMeasure />
      <BisWeighted>0</BisWeighted>
      <QtyInPackage>1</QtyInPackage>
      <ItemPrice>15.90</ItemPrice>
      <UnitOfMeasurePrice>15.90</UnitOfMeasurePrice>
      <AllowDiscount>0</AllowDiscount>
      <itemStatus>1</itemStatus>
      <LastUpdateDate />
      <LastUpdateTime />
    </Product>
    <Product>
      <PriceUpdateDate>2020/01/29 08:59</PriceUpdateDate>
      <ItemCode>7290015299442</ItemCode>
      <ItemType>1</ItemType>
      <ItemName>תחבושת אלסטית נדבקת</ItemName>
      <ManufactureName>הו רפואה</ManufactureName>
      <ManufactureCountry />
      <ManufactureItemDescription />
      <UnitQty>י"ח</UnitQty>
      <Quantity>1</Quantity>
      <UnitMeasure />
      <BisWeighted>0</BisWeighted>
      <QtyInPackage>1</QtyInPackage>
      <ItemPrice>15.90</ItemPrice>
      <UnitOfMeasurePrice>15.90</UnitOfMeasurePrice>
      <AllowDiscount>0</AllowDiscount>
      <itemStatus>1</itemStatus>
      <LastUpdateDate />
      <LastUpdateTime />
    </Product>
    <Product>
      <PriceUpdateDate>2016/11/22 15:27</PriceUpdateDate>
      <ItemCode>7290015347488</ItemCode>
      <ItemType>1</ItemType>
      <ItemName>סוכר דמררה שקית 1ק"ג כשל"פ</ItemName>
      <ManufactureName>מיה תעשיות מזון מ.ת.מ בעמ</ManufactureName>
      <ManufactureCountry />
      <ManufactureItemDescription />
      <UnitQty>י"ח</UnitQty>
      <Quantity>1</Quantity>
      <UnitMeasure>ק"ג</UnitMeasure>
      <BisWeighted>0</BisWeighted>
      <QtyInPackage>1</QtyInPackage>
      <ItemPrice>11.90</ItemPrice>
      <UnitOfMeasurePrice>11.90</UnitOfMeasurePrice>
      <AllowDiscount>0</AllowDiscount>
      <itemStatus>1</itemStatus>
      <LastUpdateDate />
      <LastUpdateTime />
    </Product>
    <Product>
      <PriceUpdateDate>2017/02/28 10:55</PriceUpdateDate>
      <ItemCode>7290015347846</ItemCode>
      <ItemType>1</ItemType>
      <ItemName>סילאן  טבעי 720ג</ItemName>
      <ManufactureName>מיה תעשיות מזון מ.ת.מ בעמ</ManufactureName>
      <ManufactureCountry />
      <ManufactureItemDescription />
      <UnitQty>י"ח</UnitQty>
      <Quantity>720</Quantity>
      <UnitMeasure>ל  גרם</UnitMeasure>
      <BisWeighted>0</BisWeighted>
      <QtyInPackage>1</QtyInPackage>
      <ItemPrice>23.90</ItemPrice>
      <UnitOfMeasurePrice>3.32</UnitOfMeasurePrice>
      <AllowDiscount>0</AllowDiscount>
      <itemStatus>1</itemStatus>
      <LastUpdateDate />
      <LastUpdateTime />
    </Product>
    <Product>
      <PriceUpdateDate>2017/11/07 15:32</PriceUpdateDate>
      <ItemCode>7290015347976</ItemCode>
      <ItemType>1</ItemType>
      <ItemName>עדשי שוקולד 80ג</ItemName>
      <ManufactureName>מיה תעשיות מזון מ.ת.מ בעמ</ManufactureName>
      <ManufactureCountry />
      <ManufactureItemDescription />
      <UnitQty>י"ח</UnitQty>
      <Quantity>80</Quantity>
      <UnitMeasure>ל  גרם</UnitMeasure>
      <BisWeighted>0</BisWeighted>
      <QtyInPackage>1</QtyInPackage>
      <ItemPrice>6.90</ItemPrice>
      <UnitOfMeasurePrice>8.63</UnitOfMeasurePrice>
      <AllowDiscount>0</AllowDiscount>
      <itemStatus>1</itemStatus>
      <LastUpdateDate />
      <LastUpdateTime />
    </Product>
    <Product>
      <PriceUpdateDate>2019/12/22 10:51</PriceUpdateDate>
      <ItemCode>7290015348423</ItemCode>
      <ItemType>1</ItemType>
      <ItemName>תירוש משפחה  1ליטר</ItemName>
      <ManufactureName>טמפו משקאות בעמ</ManufactureName>
      <ManufactureCountry />
      <ManufactureItemDescription />
      <UnitQty>י"ח</UnitQty>
      <Quantity>7.50</Quantity>
      <UnitMeasure>י"ח</UnitMeasure>
      <BisWeighted>0</BisWeighted>
      <QtyInPackage>1</QtyInPackage>
      <ItemPrice>14.90</ItemPrice>
      <UnitOfMeasurePrice>1.95</UnitOfMeasurePrice>
      <AllowDiscount>1</AllowDiscount>
      <itemStatus>1</itemStatus>
      <LastUpdateDate />
      <LastUpdateTime />
    </Product>
    <Product>
      <PriceUpdateDate>2017/08/06 10:23</PriceUpdateDate>
      <ItemCode>7290015366007</ItemCode>
      <ItemType>1</ItemType>
      <ItemName>אקווה פרש הגנה כוללת מלבינה 100מ"ל</ItemName>
      <ManufactureName>גורי ע.ע.ע. בעמ</ManufactureName>
      <ManufactureCountry />
      <ManufactureItemDescription />
      <UnitQty>י"ח</UnitQty>
      <Quantity>158</Quantity>
      <UnitMeasure>ל  גרם</UnitMeasure>
      <BisWeighted>0</BisWeighted>
      <QtyInPackage>1</QtyInPackage>
      <ItemPrice>17.90</ItemPrice>
      <UnitOfMeasurePrice>11.33</UnitOfMeasurePrice>
      <AllowDiscount>1</AllowDiscount>
      <itemStatus>1</itemStatus>
      <LastUpdateDate />
      <LastUpdateTime />
    </Product>
    <Product>
      <PriceUpdateDate>2016/04/20 11:17</PriceUpdateDate>
      <ItemCode>7290015366380</ItemCode>
      <ItemType>1</ItemType>
      <ItemName>ספירה אנטוש ספריי 70מ"ל</ItemName>
      <ManufactureName>גורי ע.ע.ע. בעמ</ManufactureName>
      <ManufactureCountry />
      <ManufactureItemDescription />
      <UnitQty>י"ח</UnitQty>
      <Quantity>70</Quantity>
      <UnitMeasure>ל  מ"ל</UnitMeasure>
      <BisWeighted>0</BisWeighted>
      <QtyInPackage>1</QtyInPackage>
      <ItemPrice>11.90</ItemPrice>
      <UnitOfMeasurePrice>17</UnitOfMeasurePrice>
      <AllowDiscount>0</AllowDiscount>
      <itemStatus>1</itemStatus>
      <LastUpdateDate />
      <LastUpdateTime />
    </Product>
    <Product>
      <PriceUpdateDate>2016/05/01 08:37</PriceUpdateDate>
      <ItemCode>7290015395045</ItemCode>
      <ItemType>1</ItemType>
      <ItemName>קינואה 400גר</ItemName>
      <ManufactureName>דין שיווק וקליהבעמ</ManufactureName>
      <ManufactureCountry />
      <ManufactureItemDescription />
      <UnitQty>י"ח</UnitQty>
      <Quantity>400</Quantity>
      <UnitMeasure>ל  גרם</UnitMeasure>
      <BisWeighted>0</BisWeighted>
      <QtyInPackage>1</QtyInPackage>
      <ItemPrice>19.90</ItemPrice>
      <UnitOfMeasurePrice>4.98</UnitOfMeasurePrice>
      <AllowDiscount>1</AllowDiscount>
      <itemStatus>1</itemStatus>
      <LastUpdateDate />
      <LastUpdateTime />
    </Product>
    <Product>
      <PriceUpdateDate>2017/12/27 14:40</PriceUpdateDate>
      <ItemCode>7290015395434</ItemCode>
      <ItemType>1</ItemType>
      <ItemName>.פקאן טבעי 200ג המותג</ItemName>
      <ManufactureName>דין שיווק וקליהבעמ</ManufactureName>
      <ManufactureCountry />
      <ManufactureItemDescription />
      <UnitQty>י"ח</UnitQty>
      <Quantity>200</Quantity>
      <UnitMeasure>ל  גרם</UnitMeasure>
      <BisWeighted>0</BisWeighted>
      <QtyInPackage>1</QtyInPackage>
      <ItemPrice>28.90</ItemPrice>
      <UnitOfMeasurePrice>14.45</UnitOfMeasurePrice>
      <AllowDiscount>0</AllowDiscount>
      <itemStatus>1</itemStatus>
      <LastUpdateDate />
      <LastUpdateTime />
    </Product>
    <Product>
      <PriceUpdateDate>2017/01/04 09:25</PriceUpdateDate>
      <ItemCode>7290015395441</ItemCode>
      <ItemType>1</ItemType>
      <ItemName>אגוזי מלך 200ג המותג</ItemName>
      <ManufactureName>דין שיווק וקליהבעמ</ManufactureName>
      <ManufactureCountry />
      <ManufactureItemDescription />
      <UnitQty>י"ח</UnitQty>
      <Quantity>200</Quantity>
      <UnitMeasure>ל  גרם</UnitMeasure>
      <BisWeighted>0</BisWeighted>
      <QtyInPackage>1</QtyInPackage>
      <ItemPrice>26.90</ItemPrice>
      <UnitOfMeasurePrice>13.45</UnitOfMeasurePrice>
      <AllowDiscount>1</AllowDiscount>
      <itemStatus>1</itemStatus>
      <LastUpdateDate />
      <LastUpdateTime />
    </Product>
    <Product>
      <PriceUpdateDate>2017/01/04 09:25</PriceUpdateDate>
      <ItemCode>7290015395458</ItemCode>
      <ItemType>1</ItemType>
      <ItemName>שקד טבעי  200ג המותג</ItemName>
      <ManufactureName>דין שיווק וקליהבעמ</ManufactureName>
      <ManufactureCountry />
      <ManufactureItemDescription />
      <UnitQty>י"ח</UnitQty>
      <Quantity>200</Quantity>
      <UnitMeasure>ל  גרם</UnitMeasure>
      <BisWeighted>0</BisWeighted>
      <QtyInPackage>1</QtyInPackage>
      <ItemPrice>26.90</ItemPrice>
      <UnitOfMeasurePrice>13.45</UnitOfMeasurePrice>
      <AllowDiscount>1</AllowDiscount>
      <itemStatus>1</itemStatus>
      <LastUpdateDate />
      <LastUpdateTime />
    </Product>
    <Product>
      <PriceUpdateDate>2017/12/27 14:40</PriceUpdateDate>
      <ItemCode>7290015395489</ItemCode>
      <ItemType>1</ItemType>
      <ItemName>פקאן סיני מסוכר  200ג  המותג</ItemName>
      <ManufactureName>דין שיווק וקליהבעמ</ManufactureName>
      <ManufactureCountry />
      <ManufactureItemDescription />
      <UnitQty>י"ח</UnitQty>
      <Quantity>200</Quantity>
      <UnitMeasure>ל  גרם</UnitMeasure>
      <BisWeighted>0</BisWeighted>
      <QtyInPackage>1</QtyInPackage>
      <ItemPrice>28.90</ItemPrice>
      <UnitOfMeasurePrice>14.45</UnitOfMeasurePrice>
      <AllowDiscount>0</AllowDiscount>
      <itemStatus>1</itemStatus>
      <LastUpdateDate />
      <LastUpdateTime />
    </Product>
    <Product>
      <PriceUpdateDate>2015/01/14 17:39</PriceUpdateDate>
      <ItemCode>7290015395526</ItemCode>
      <ItemType>1</ItemType>
      <ItemName>שזיפים  330ג  המותג</ItemName>
      <ManufactureName>דין שיווק וקליהבעמ</ManufactureName>
      <ManufactureCountry />
      <ManufactureItemDescription />
      <UnitQty>י"ח</UnitQty>
      <Quantity>330</Quantity>
      <UnitMeasure>ל  גרם</UnitMeasure>
      <BisWeighted>0</BisWeighted>
      <QtyInPackage>1</QtyInPackage>
      <ItemPrice>23.90</ItemPrice>
      <UnitOfMeasurePrice>7.24</UnitOfMeasurePrice>
      <AllowDiscount>1</AllowDiscount>
      <itemStatus>1</itemStatus>
      <LastUpdateDate />
      <LastUpdateTime />
    </Product>
    <Product>
      <PriceUpdateDate>2017/12/27 14:41</PriceUpdateDate>
      <ItemCode>7290015395557</ItemCode>
      <ItemType>1</ItemType>
      <ItemName>דלעת מקולפת 250ג המותג</ItemName>
      <ManufactureName>דין שיווק וקליהבעמ</ManufactureName>
      <ManufactureCountry />
      <ManufactureItemDescription />
      <UnitQty>י"ח</UnitQty>
      <Quantity>250</Quantity>
      <UnitMeasure>ל  גרם</UnitMeasure>
      <BisWeighted>0</BisWeighted>
      <QtyInPackage>1</QtyInPackage>
      <ItemPrice>17.90</ItemPrice>
      <UnitOfMeasurePrice>7.16</UnitOfMeasurePrice>
      <AllowDiscount>0</AllowDiscount>
      <itemStatus>1</itemStatus>
      <LastUpdateDate />
      <LastUpdateTime />
    </Product>
    <Product>
      <PriceUpdateDate>2015/01/14 17:40</PriceUpdateDate>
      <ItemCode>7290015395571</ItemCode>
      <ItemType>1</ItemType>
      <ItemName>צימוק חום 330ג המותג</ItemName>
      <ManufactureName>דין שיווק וקליהבעמ</ManufactureName>
      <ManufactureCountry />
      <ManufactureItemDescription />
      <UnitQty>י"ח</UnitQty>
      <Quantity>330</Quantity>
      <UnitMeasure>ל  גרם</UnitMeasure>
      <BisWeighted>0</BisWeighted>
      <QtyInPackage>1</QtyInPackage>
      <ItemPrice>17.90</ItemPrice>
      <UnitOfMeasurePrice>5.42</UnitOfMeasurePrice>
      <AllowDiscount>1</AllowDiscount>
      <itemStatus>1</itemStatus>
      <LastUpdateDate />
      <LastUpdateTime />
    </Product>
    <Product>
      <PriceUpdateDate>2020/04/27 08:18</PriceUpdateDate>
      <ItemCode>7290015459839</ItemCode>
      <ItemType>1</ItemType>
      <ItemName>לביבות בטטה  כשל"פ</ItemName>
      <ManufactureName>חמים וטעים בעמ</ManufactureName>
      <ManufactureCountry />
      <ManufactureItemDescription />
      <UnitQty>י"ח</UnitQty>
      <Quantity>1</Quantity>
      <UnitMeasure />
      <BisWeighted>0</BisWeighted>
      <QtyInPackage>1</QtyInPackage>
      <ItemPrice>54.90</ItemPrice>
      <UnitOfMeasurePrice>54.90</UnitOfMeasurePrice>
      <AllowDiscount>0</AllowDiscount>
      <itemStatus>1</itemStatus>
      <LastUpdateDate />
      <LastUpdateTime />
    </Product>
    <Product>
      <PriceUpdateDate>2016/08/09 17:21</PriceUpdateDate>
      <ItemCode>7290015470094</ItemCode>
      <ItemType>1</ItemType>
      <ItemName>טבלאות שוקולד טוסו  מר`שוקולד תפוז 100ג</ItemName>
      <ManufactureName>דנשר (1963) בעמ</ManufactureName>
      <ManufactureCountry />
      <ManufactureItemDescription />
      <UnitQty>י"ח</UnitQty>
      <Quantity>100</Quantity>
      <UnitMeasure>ל  גרם</UnitMeasure>
      <BisWeighted>0</BisWeighted>
      <QtyInPackage>1</QtyInPackage>
      <ItemPrice>12.20</ItemPrice>
      <UnitOfMeasurePrice>12.20</UnitOfMeasurePrice>
      <AllowDiscount>0</AllowDiscount>
      <itemStatus>1</itemStatus>
      <LastUpdateDate />
      <LastUpdateTime />
    </Product>
    <Product>
      <PriceUpdateDate>2018/04/08 15:20</PriceUpdateDate>
      <ItemCode>7290015493130</ItemCode>
      <ItemType>1</ItemType>
      <ItemName>נביעות +פרי  מנגו 1.5ליטר</ItemName>
      <ManufactureName>חברה המרכזית להפצת משקאות בעמ</ManufactureName>
      <ManufactureCountry />
      <ManufactureItemDescription />
      <UnitQty>י"ח</UnitQty>
      <Quantity>1.50</Quantity>
      <UnitMeasure>ליטר</UnitMeasure>
      <BisWeighted>0</BisWeighted>
      <QtyInPackage>1</QtyInPackage>
      <ItemPrice>7.90</ItemPrice>
      <UnitOfMeasurePrice>5.27</UnitOfMeasurePrice>
      <AllowDiscount>1</AllowDiscount>
      <itemStatus>1</itemStatus>
      <LastUpdateDate />
      <LastUpdateTime />
    </Product>
    <Product>
      <PriceUpdateDate>2018/04/08 15:21</PriceUpdateDate>
      <ItemCode>7290015493154</ItemCode>
      <ItemType>1</ItemType>
      <ItemName>נביעות +פרי  אבטיח 1.5ליטר</ItemName>
      <ManufactureName>חברה המרכזית להפצת משקאות בעמ</ManufactureName>
      <ManufactureCountry />
      <ManufactureItemDescription />
      <UnitQty>י"ח</UnitQty>
      <Quantity>1.50</Quantity>
      <UnitMeasure>ליטר</UnitMeasure>
      <BisWeighted>0</BisWeighted>
      <QtyInPackage>1</QtyInPackage>
      <ItemPrice>7.90</ItemPrice>
      <UnitOfMeasurePrice>5.27</UnitOfMeasurePrice>
      <AllowDiscount>1</AllowDiscount>
      <itemStatus>1</itemStatus>
      <LastUpdateDate />
      <LastUpdateTime />
    </Product>
    <Product>
      <PriceUpdateDate>2018/04/08 15:21</PriceUpdateDate>
      <ItemCode>7290015493161</ItemCode>
      <ItemType>1</ItemType>
      <ItemName>נביעות +פרי  אננס 1.5ליטר</ItemName>
      <ManufactureName>חברה המרכזית להפצת משקאות בעמ</ManufactureName>
      <ManufactureCountry />
      <ManufactureItemDescription />
      <UnitQty>י"ח</UnitQty>
      <Quantity>1.50</Quantity>
      <UnitMeasure>ליטר</UnitMeasure>
      <BisWeighted>0</BisWeighted>
      <QtyInPackage>1</QtyInPackage>
      <ItemPrice>7.90</ItemPrice>
      <UnitOfMeasurePrice>5.27</UnitOfMeasurePrice>
      <AllowDiscount>1</AllowDiscount>
      <itemStatus>1</itemStatus>
      <LastUpdateDate />
      <LastUpdateTime />
    </Product>
    <Product>
      <PriceUpdateDate>2019/01/08 09:55</PriceUpdateDate>
      <ItemCode>7290015597548</ItemCode>
      <ItemType>1</ItemType>
      <ItemName>קרמיסימו 1.33 ל בננה שוקו ציפס  פסח</ItemName>
      <ManufactureName>גלידות שטראוס בעמ</ManufactureName>
      <ManufactureCountry />
      <ManufactureItemDescription />
      <UnitQty>י"ח</UnitQty>
      <Quantity>1</Quantity>
      <UnitMeasure />
      <BisWeighted>0</BisWeighted>
      <QtyInPackage>1</QtyInPackage>
      <ItemPrice>18.90</ItemPrice>
      <UnitOfMeasurePrice>18.90</UnitOfMeasurePrice>
      <AllowDiscount>0</AllowDiscount>
      <itemStatus>1</itemStatus>
      <LastUpdateDate />
      <LastUpdateTime />
    </Product>
    <Product>
      <PriceUpdateDate>2019/03/25 17:55</PriceUpdateDate>
      <ItemCode>7290015603225</ItemCode>
      <ItemType>1</ItemType>
      <ItemName>אטריות עם גזר  454ג</ItemName>
      <ManufactureName>מזרח ומערב יבוא ושיווק</ManufactureName>
      <ManufactureCountry />
      <ManufactureItemDescription />
      <UnitQty>י"ח</UnitQty>
      <Quantity>454</Quantity>
      <UnitMeasure>ל  גרם</UnitMeasure>
      <BisWeighted>0</BisWeighted>
      <QtyInPackage>1</QtyInPackage>
      <ItemPrice>7.90</ItemPrice>
      <UnitOfMeasurePrice>1.74</UnitOfMeasurePrice>
      <AllowDiscount>1</AllowDiscount>
      <itemStatus>1</itemStatus>
      <LastUpdateDate />
      <LastUpdateTime />
    </Product>
    <Product>
      <PriceUpdateDate>2019/03/25 17:55</PriceUpdateDate>
      <ItemCode>7290015603232</ItemCode>
      <ItemType>1</ItemType>
      <ItemName>אטריות עם דלעת  454ג</ItemName>
      <ManufactureName>מזרח ומערב יבוא ושיווק</ManufactureName>
      <ManufactureCountry />
      <ManufactureItemDescription />
      <UnitQty>י"ח</UnitQty>
      <Quantity>454</Quantity>
      <UnitMeasure>ל  גרם</UnitMeasure>
      <BisWeighted>0</BisWeighted>
      <QtyInPackage>1</QtyInPackage>
      <ItemPrice>7.90</ItemPrice>
      <UnitOfMeasurePrice>1.74</UnitOfMeasurePrice>
      <AllowDiscount>1</AllowDiscount>
      <itemStatus>1</itemStatus>
      <LastUpdateDate />
      <LastUpdateTime />
    </Product>
    <Product>
      <PriceUpdateDate>2019/03/25 17:55</PriceUpdateDate>
      <ItemCode>7290015603546</ItemCode>
      <ItemType>1</ItemType>
      <ItemName>שימורי קרם קוקוס 19% 400מ"ל כשל"פ</ItemName>
      <ManufactureName>מזרח ומערב יבוא ושיווק</ManufactureName>
      <ManufactureCountry />
      <ManufactureItemDescription />
      <UnitQty>י"ח</UnitQty>
      <Quantity>400</Quantity>
      <UnitMeasure>ל  גרם</UnitMeasure>
      <BisWeighted>0</BisWeighted>
      <QtyInPackage>1</QtyInPackage>
      <ItemPrice>7.90</ItemPrice>
      <UnitOfMeasurePrice>1.98</UnitOfMeasurePrice>
      <AllowDiscount>1</AllowDiscount>
      <itemStatus>1</itemStatus>
      <LastUpdateDate />
      <LastUpdateTime />
    </Product>
    <Product>
      <PriceUpdateDate>2019/04/04 11:17</PriceUpdateDate>
      <ItemCode>7290015603560</ItemCode>
      <ItemType>1</ItemType>
      <ItemName>שימורי קרם קוקוס 20-22% 400מ"ל</ItemName>
      <ManufactureName>מזרח ומערב יבוא ושיווק</ManufactureName>
      <ManufactureCountry />
      <ManufactureItemDescription />
      <UnitQty>י"ח</UnitQty>
      <Quantity>400</Quantity>
      <UnitMeasure>ל  מ"ל</UnitMeasure>
      <BisWeighted>0</BisWeighted>
      <QtyInPackage>1</QtyInPackage>
      <ItemPrice>7.90</ItemPrice>
      <UnitOfMeasurePrice>1.98</UnitOfMeasurePrice>
      <AllowDiscount>0</AllowDiscount>
      <itemStatus>1</itemStatus>
      <LastUpdateDate />
      <LastUpdateTime />
    </Product>
    <Product>
      <PriceUpdateDate>2019/04/04 11:17</PriceUpdateDate>
      <ItemCode>7290015603591</ItemCode>
      <ItemType>1</ItemType>
      <ItemName>ג`יג`ר ורוד כבוש 160ג</ItemName>
      <ManufactureName>מזרח ומערב יבוא ושיווק</ManufactureName>
      <ManufactureCountry />
      <ManufactureItemDescription />
      <UnitQty>י"ח</UnitQty>
      <Quantity>160</Quantity>
      <UnitMeasure>ל  גרם</UnitMeasure>
      <BisWeighted>0</BisWeighted>
      <QtyInPackage>1</QtyInPackage>
      <ItemPrice>5.90</ItemPrice>
      <UnitOfMeasurePrice>3.69</UnitOfMeasurePrice>
      <AllowDiscount>0</AllowDiscount>
      <itemStatus>1</itemStatus>
      <LastUpdateDate />
      <LastUpdateTime />
    </Product>
    <Product>
      <PriceUpdateDate>2017/12/27 10:51</PriceUpdateDate>
      <ItemCode>7290015644297</ItemCode>
      <ItemType>1</ItemType>
      <ItemName>לחמניות פשוט מלא 1/6</ItemName>
      <ManufactureName>שלמה א.אנג ל בעמ</ManufactureName>
      <ManufactureCountry />
      <ManufactureItemDescription />
      <UnitQty>י"ח</UnitQty>
      <Quantity>6</Quantity>
      <UnitMeasure>י"ח</UnitMeasure>
      <BisWeighted>0</BisWeighted>
      <QtyInPackage>1</QtyInPackage>
      <ItemPrice>11.90</ItemPrice>
      <UnitOfMeasurePrice>1.98</UnitOfMeasurePrice>
      <AllowDiscount>0</AllowDiscount>
      <itemStatus>1</itemStatus>
      <LastUpdateDate />
      <LastUpdateTime />
    </Product>
    <Product>
      <PriceUpdateDate>2017/11/21 09:16</PriceUpdateDate>
      <ItemCode>7290015644433</ItemCode>
      <ItemType>1</ItemType>
      <ItemName>לחם צרפתי חיטה שיפון 100% קל 650גרם</ItemName>
      <ManufactureName>שלמה א.אנג ל בעמ</ManufactureName>
      <ManufactureCountry />
      <ManufactureItemDescription />
      <UnitQty>י"ח</UnitQty>
      <Quantity>650</Quantity>
      <UnitMeasure>ל  גרם</UnitMeasure>
      <BisWeighted>0</BisWeighted>
      <QtyInPackage>1</QtyInPackage>
      <ItemPrice>15.90</ItemPrice>
      <UnitOfMeasurePrice>2.45</UnitOfMeasurePrice>
      <AllowDiscount>0</AllowDiscount>
      <itemStatus>1</itemStatus>
      <LastUpdateDate />
      <LastUpdateTime />
    </Product>
    <Product>
      <PriceUpdateDate>2016/08/15 11:54</PriceUpdateDate>
      <ItemCode>7290015652070</ItemCode>
      <ItemType>1</ItemType>
      <ItemName>קשיו קלוי 150גר</ItemName>
      <ManufactureName>דין שיווק וקליהבעמ</ManufactureName>
      <ManufactureCountry />
      <ManufactureItemDescription />
      <UnitQty>י"ח</UnitQty>
      <Quantity>150</Quantity>
      <UnitMeasure>ל  גרם</UnitMeasure>
      <BisWeighted>0</BisWeighted>
      <QtyInPackage>1</QtyInPackage>
      <ItemPrice>10.90</ItemPrice>
      <UnitOfMeasurePrice>7.27</UnitOfMeasurePrice>
      <AllowDiscount>0</AllowDiscount>
      <itemStatus>1</itemStatus>
      <LastUpdateDate />
      <LastUpdateTime />
    </Product>
    <Product>
      <PriceUpdateDate>2016/08/15 11:54</PriceUpdateDate>
      <ItemCode>7290015652087</ItemCode>
      <ItemType>1</ItemType>
      <ItemName>תערובת פיצוחים 150גר</ItemName>
      <ManufactureName>דין שיווק וקליהבעמ</ManufactureName>
      <ManufactureCountry />
      <ManufactureItemDescription />
      <UnitQty>י"ח</UnitQty>
      <Quantity>150</Quantity>
      <UnitMeasure>ל  גרם</UnitMeasure>
      <BisWeighted>0</BisWeighted>
      <QtyInPackage>1</QtyInPackage>
      <ItemPrice>13.90</ItemPrice>
      <UnitOfMeasurePrice>9.27</UnitOfMeasurePrice>
      <AllowDiscount>0</AllowDiscount>
      <itemStatus>1</itemStatus>
      <LastUpdateDate />
      <LastUpdateTime />
    </Product>
    <Product>
      <PriceUpdateDate>2015/09/17 14:16</PriceUpdateDate>
      <ItemCode>7290015652254</ItemCode>
      <ItemType>1</ItemType>
      <ItemName>גרעיני חמניה קלויים 500 גרם</ItemName>
      <ManufactureName>דין שיווק וקליהבעמ</ManufactureName>
      <ManufactureCountry />
      <ManufactureItemDescription />
      <UnitQty>י"ח</UnitQty>
      <Quantity>500</Quantity>
      <UnitMeasure>ל  גרם</UnitMeasure>
      <BisWeighted>0</BisWeighted>
      <QtyInPackage>1</QtyInPackage>
      <ItemPrice>10</ItemPrice>
      <UnitOfMeasurePrice>2</UnitOfMeasurePrice>
      <AllowDiscount>0</AllowDiscount>
      <itemStatus>1</itemStatus>
      <LastUpdateDate />
      <LastUpdateTime />
    </Product>
    <Product>
      <PriceUpdateDate>2019/05/12 09:06</PriceUpdateDate>
      <ItemCode>7290015652278</ItemCode>
      <ItemType>1</ItemType>
      <ItemName>תערובת פיצוחים 300גר</ItemName>
      <ManufactureName>דין שיווק וקליהבעמ</ManufactureName>
      <ManufactureCountry />
      <ManufactureItemDescription />
      <UnitQty>י"ח</UnitQty>
      <Quantity>300</Quantity>
      <UnitMeasure>ל  גרם</UnitMeasure>
      <BisWeighted>0</BisWeighted>
      <QtyInPackage>1</QtyInPackage>
      <ItemPrice>20</ItemPrice>
      <UnitOfMeasurePrice>6.67</UnitOfMeasurePrice>
      <AllowDiscount>0</AllowDiscount>
      <itemStatus>1</itemStatus>
      <LastUpdateDate />
      <LastUpdateTime />
    </Product>
    <Product>
      <PriceUpdateDate>2017/12/29 08:49</PriceUpdateDate>
      <ItemCode>7290015652315</ItemCode>
      <ItemType>1</ItemType>
      <ItemName>חמוציות מסוכרות 300 גרם</ItemName>
      <ManufactureName>דין שיווק וקליהבעמ</ManufactureName>
      <ManufactureCountry />
      <ManufactureItemDescription />
      <UnitQty>י"ח</UnitQty>
      <Quantity>300</Quantity>
      <UnitMeasure>ל  גרם</UnitMeasure>
      <BisWeighted>0</BisWeighted>
      <QtyInPackage>1</QtyInPackage>
      <ItemPrice>10</ItemPrice>
      <UnitOfMeasurePrice>3.33</UnitOfMeasurePrice>
      <AllowDiscount>0</AllowDiscount>
      <itemStatus>1</itemStatus>
      <LastUpdateDate />
      <LastUpdateTime />
    </Product>
    <Product>
      <PriceUpdateDate>2015/09/17 14:14</PriceUpdateDate>
      <ItemCode>7290015652322</ItemCode>
      <ItemType>1</ItemType>
      <ItemName>בוטנים אמריקאים מצופים 500 גרם</ItemName>
      <ManufactureName>דין שיווק וקליהבעמ</ManufactureName>
      <ManufactureCountry />
      <ManufactureItemDescription />
      <UnitQty>י"ח</UnitQty>
      <Quantity>500</Quantity>
      <UnitMeasure>ל  גרם</UnitMeasure>
      <BisWeighted>0</BisWeighted>
      <QtyInPackage>1</QtyInPackage>
      <ItemPrice>10</ItemPrice>
      <UnitOfMeasurePrice>2</UnitOfMeasurePrice>
      <AllowDiscount>0</AllowDiscount>
      <itemStatus>1</itemStatus>
      <LastUpdateDate />
      <LastUpdateTime />
    </Product>
    <Product>
      <PriceUpdateDate>2015/09/17 14:21</PriceUpdateDate>
      <ItemCode>7290015652407</ItemCode>
      <ItemType>1</ItemType>
      <ItemName>פיסטוק קלוי 250גר</ItemName>
      <ManufactureName>דין שיווק וקליהבעמ</ManufactureName>
      <ManufactureCountry />
      <ManufactureItemDescription />
      <UnitQty>י"ח</UnitQty>
      <Quantity>250</Quantity>
      <UnitMeasure>ל  גרם</UnitMeasure>
      <BisWeighted>0</BisWeighted>
      <QtyInPackage>1</QtyInPackage>
      <ItemPrice>20</ItemPrice>
      <UnitOfMeasurePrice>8</UnitOfMeasurePrice>
      <AllowDiscount>0</AllowDiscount>
      <itemStatus>1</itemStatus>
      <LastUpdateDate />
      <LastUpdateTime />
    </Product>
    <Product>
      <PriceUpdateDate>2020/02/03 10:34</PriceUpdateDate>
      <ItemCode>7290015664424</ItemCode>
      <ItemType>1</ItemType>
      <ItemName>קופסת/שקיות   בד/</ItemName>
      <ManufactureName>שונות /שרות</ManufactureName>
      <ManufactureCountry />
      <ManufactureItemDescription />
      <UnitQty>י"ח</UnitQty>
      <Quantity>90</Quantity>
      <UnitMeasure>ל  גרם</UnitMeasure>
      <BisWeighted>0</BisWeighted>
      <QtyInPackage>1</QtyInPackage>
      <ItemPrice>12.90</ItemPrice>
      <UnitOfMeasurePrice>14.33</UnitOfMeasurePrice>
      <AllowDiscount>0</AllowDiscount>
      <itemStatus>1</itemStatus>
      <LastUpdateDate />
      <LastUpdateTime />
    </Product>
    <Product>
      <PriceUpdateDate>2018/06/06 13:35</PriceUpdateDate>
      <ItemCode>7290015733120</ItemCode>
      <ItemType>1</ItemType>
      <ItemName>מטרנה גולד שלב 1 700גר</ItemName>
      <ManufactureName>קבוצת אוסם סחר-שות.מוגבלת</ManufactureName>
      <ManufactureCountry />
      <ManufactureItemDescription />
      <UnitQty>י"ח</UnitQty>
      <Quantity>700</Quantity>
      <UnitMeasure>ל  גרם</UnitMeasure>
      <BisWeighted>0</BisWeighted>
      <QtyInPackage>1</QtyInPackage>
      <ItemPrice>74.90</ItemPrice>
      <UnitOfMeasurePrice>10.70</UnitOfMeasurePrice>
      <AllowDiscount>0</AllowDiscount>
      <itemStatus>1</itemStatus>
      <LastUpdateDate />
      <LastUpdateTime />
    </Product>
    <Product>
      <PriceUpdateDate>2017/03/29 16:03</PriceUpdateDate>
      <ItemCode>7290015781282</ItemCode>
      <ItemType>1</ItemType>
      <ItemName>יין גוורצטרמינר  IMPRESSION  750מ"ל</ItemName>
      <ManufactureName>יקבי טפרברג 1870 בעמ</ManufactureName>
      <ManufactureCountry />
      <ManufactureItemDescription />
      <UnitQty>י"ח</UnitQty>
      <Quantity>750</Quantity>
      <UnitMeasure>ל  מ"ל</UnitMeasure>
      <BisWeighted>0</BisWeighted>
      <QtyInPackage>1</QtyInPackage>
      <ItemPrice>46.90</ItemPrice>
      <UnitOfMeasurePrice>6.21</UnitOfMeasurePrice>
      <AllowDiscount>1</AllowDiscount>
      <itemStatus>1</itemStatus>
      <LastUpdateDate />
      <LastUpdateTime />
    </Product>
    <Product>
      <PriceUpdateDate>2017/03/29 16:13</PriceUpdateDate>
      <ItemCode>7290015781299</ItemCode>
      <ItemType>1</ItemType>
      <ItemName>יין שיראז VISION 750מ"ל</ItemName>
      <ManufactureName>יקבי טפרברג 1870 בעמ</ManufactureName>
      <ManufactureCountry />
      <ManufactureItemDescription />
      <UnitQty>י"ח</UnitQty>
      <Quantity>750</Quantity>
      <UnitMeasure>ל  מ"ל</UnitMeasure>
      <BisWeighted>0</BisWeighted>
      <QtyInPackage>1</QtyInPackage>
      <ItemPrice>34.90</ItemPrice>
      <UnitOfMeasurePrice>4.61</UnitOfMeasurePrice>
      <AllowDiscount>1</AllowDiscount>
      <itemStatus>1</itemStatus>
      <LastUpdateDate />
      <LastUpdateTime />
    </Product>
    <Product>
      <PriceUpdateDate>2016/02/01 17:04</PriceUpdateDate>
      <ItemCode>7290015855136</ItemCode>
      <ItemType>1</ItemType>
      <ItemName>כרובית ארוזה</ItemName>
      <ManufactureName>ביכורי הנגב מ.ד בעמ</ManufactureName>
      <ManufactureCountry />
      <ManufactureItemDescription />
      <UnitQty>י"ח</UnitQty>
      <Quantity>1</Quantity>
      <UnitMeasure>ק"ג</UnitMeasure>
      <BisWeighted>0</BisWeighted>
      <QtyInPackage>1</QtyInPackage>
      <ItemPrice>12.90</ItemPrice>
      <UnitOfMeasurePrice>12.90</UnitOfMeasurePrice>
      <AllowDiscount>0</AllowDiscount>
      <itemStatus>1</itemStatus>
      <LastUpdateDate />
      <LastUpdateTime />
    </Product>
    <Product>
      <PriceUpdateDate>2020/04/30 10:43</PriceUpdateDate>
      <ItemCode>7290015866132</ItemCode>
      <ItemType>1</ItemType>
      <ItemName>כרובית ארוזה</ItemName>
      <ManufactureName>ביכורי הנגב מ.ד בעמ</ManufactureName>
      <ManufactureCountry />
      <ManufactureItemDescription />
      <UnitQty>י"ח</UnitQty>
      <Quantity>1</Quantity>
      <UnitMeasure>ק"ג</UnitMeasure>
      <BisWeighted>0</BisWeighted>
      <QtyInPackage>1</QtyInPackage>
      <ItemPrice>12.90</ItemPrice>
      <UnitOfMeasurePrice>12.90</UnitOfMeasurePrice>
      <AllowDiscount>0</AllowDiscount>
      <itemStatus>1</itemStatus>
      <LastUpdateDate />
      <LastUpdateTime />
    </Product>
    <Product>
      <PriceUpdateDate>2020/04/30 16:00</PriceUpdateDate>
      <ItemCode>7290015875189</ItemCode>
      <ItemType>1</ItemType>
      <ItemName>פיקס ג`ל פיתיון לנמלים טאצ`</ItemName>
      <ManufactureName>סאסאטק אגשח בעמ</ManufactureName>
      <ManufactureCountry />
      <ManufactureItemDescription />
      <UnitQty>י"ח</UnitQty>
      <Quantity>1</Quantity>
      <UnitMeasure>י"ח</UnitMeasure>
      <BisWeighted>0</BisWeighted>
      <QtyInPackage>1</QtyInPackage>
      <ItemPrice>39.90</ItemPrice>
      <UnitOfMeasurePrice>39.90</UnitOfMeasurePrice>
      <AllowDiscount>0</AllowDiscount>
      <itemStatus>1</itemStatus>
      <LastUpdateDate />
      <LastUpdateTime />
    </Product>
    <Product>
      <PriceUpdateDate>2020/04/30 16:00</PriceUpdateDate>
      <ItemCode>7290015875202</ItemCode>
      <ItemType>1</ItemType>
      <ItemName>סופר ג`ל פיתיון לתיקנים טאצ`</ItemName>
      <ManufactureName>סאסאטק אגשח בעמ</ManufactureName>
      <ManufactureCountry />
      <ManufactureItemDescription />
      <UnitQty>י"ח</UnitQty>
      <Quantity>1</Quantity>
      <UnitMeasure>י"ח</UnitMeasure>
      <BisWeighted>0</BisWeighted>
      <QtyInPackage>1</QtyInPackage>
      <ItemPrice>39.90</ItemPrice>
      <UnitOfMeasurePrice>39.90</UnitOfMeasurePrice>
      <AllowDiscount>0</AllowDiscount>
      <itemStatus>1</itemStatus>
      <LastUpdateDate />
      <LastUpdateTime />
    </Product>
    <Product>
      <PriceUpdateDate>2019/01/23 14:57</PriceUpdateDate>
      <ItemCode>7290015889094</ItemCode>
      <ItemType>1</ItemType>
      <ItemName>ערק מלאכים</ItemName>
      <ManufactureName>אחים אוחיון משקאות בעמ</ManufactureName>
      <ManufactureCountry />
      <ManufactureItemDescription />
      <UnitQty>י"ח</UnitQty>
      <Quantity>70</Quantity>
      <UnitMeasure>ל  מ"ל</UnitMeasure>
      <BisWeighted>0</BisWeighted>
      <QtyInPackage>1</QtyInPackage>
      <ItemPrice>40.20</ItemPrice>
      <UnitOfMeasurePrice>57</UnitOfMeasurePrice>
      <AllowDiscount>1</AllowDiscount>
      <itemStatus>1</itemStatus>
      <LastUpdateDate />
      <LastUpdateTime />
    </Product>
    <Product>
      <PriceUpdateDate>2016/09/27 10:40</PriceUpdateDate>
      <ItemCode>7290015968102</ItemCode>
      <ItemType>1</ItemType>
      <ItemName>קיסמי שיניים רפואיים עם חוט דנטאלי 100</ItemName>
      <ManufactureName>אינטרסן (1996) בעמ</ManufactureName>
      <ManufactureCountry />
      <ManufactureItemDescription />
      <UnitQty>י"ח</UnitQty>
      <Quantity>200</Quantity>
      <UnitMeasure>י"ח</UnitMeasure>
      <BisWeighted>0</BisWeighted>
      <QtyInPackage>1</QtyInPackage>
      <ItemPrice>12.90</ItemPrice>
      <UnitOfMeasurePrice>0.06</UnitOfMeasurePrice>
      <AllowDiscount>0</AllowDiscount>
      <itemStatus>1</itemStatus>
      <LastUpdateDate />
      <LastUpdateTime />
    </Product>
    <Product>
      <PriceUpdateDate>2017/11/23 12:30</PriceUpdateDate>
      <ItemCode>7290015968492</ItemCode>
      <ItemType>1</ItemType>
      <ItemName>קופסאות להקפאת מזון תינוקות 1/8</ItemName>
      <ManufactureName>אינטרסן (1996) בעמ</ManufactureName>
      <ManufactureCountry />
      <ManufactureItemDescription />
      <UnitQty>י"ח</UnitQty>
      <Quantity>8</Quantity>
      <UnitMeasure>י"ח</UnitMeasure>
      <BisWeighted>0</BisWeighted>
      <QtyInPackage>1</QtyInPackage>
      <ItemPrice>24.90</ItemPrice>
      <UnitOfMeasurePrice>3.11</UnitOfMeasurePrice>
      <AllowDiscount>1</AllowDiscount>
      <itemStatus>1</itemStatus>
      <LastUpdateDate />
      <LastUpdateTime />
    </Product>
    <Product>
      <PriceUpdateDate>2018/10/30 11:03</PriceUpdateDate>
      <ItemCode>7290016006292</ItemCode>
      <ItemType>1</ItemType>
      <ItemName>ספרינג נקטר מנגו בננה מלון 1ל</ItemName>
      <ManufactureName>יפאורה שותפות מוגבלת לשיווק</ManufactureName>
      <ManufactureCountry />
      <ManufactureItemDescription />
      <UnitQty>י"ח</UnitQty>
      <Quantity>1</Quantity>
      <UnitMeasure>ליטר</UnitMeasure>
      <BisWeighted>0</BisWeighted>
      <QtyInPackage>1</QtyInPackage>
      <ItemPrice>5.40</ItemPrice>
      <UnitOfMeasurePrice>5.40</UnitOfMeasurePrice>
      <AllowDiscount>1</AllowDiscount>
      <itemStatus>1</itemStatus>
      <LastUpdateDate />
      <LastUpdateTime />
    </Product>
    <Product>
      <PriceUpdateDate>2018/08/27 17:09</PriceUpdateDate>
      <ItemCode>7290016006346</ItemCode>
      <ItemType>1</ItemType>
      <ItemName>סודה שוופס 0.5ל שישייה</ItemName>
      <ManufactureName>יפאורה שותפות מוגבלת לשיווק</ManufactureName>
      <ManufactureCountry />
      <ManufactureItemDescription />
      <UnitQty>י"ח</UnitQty>
      <Quantity>300</Quantity>
      <UnitMeasure>ל  מ"ל</UnitMeasure>
      <BisWeighted>0</BisWeighted>
      <QtyInPackage>1</QtyInPackage>
      <ItemPrice>14.90</ItemPrice>
      <UnitOfMeasurePrice>4.37</UnitOfMeasurePrice>
      <AllowDiscount>1</AllowDiscount>
      <itemStatus>1</itemStatus>
      <LastUpdateDate />
      <LastUpdateTime />
    </Product>
    <Product>
      <PriceUpdateDate>2018/10/30 11:03</PriceUpdateDate>
      <ItemCode>7290016006360</ItemCode>
      <ItemType>1</ItemType>
      <ItemName>שוופס מוגז פירות תות ליים    1.5ל</ItemName>
      <ManufactureName>יפאורה שותפות מוגבלת לשיווק</ManufactureName>
      <ManufactureCountry />
      <ManufactureItemDescription />
      <UnitQty>י"ח</UnitQty>
      <Quantity>1.50</Quantity>
      <UnitMeasure>ליטר</UnitMeasure>
      <BisWeighted>0</BisWeighted>
      <QtyInPackage>1</QtyInPackage>
      <ItemPrice>6.70</ItemPrice>
      <UnitOfMeasurePrice>4.47</UnitOfMeasurePrice>
      <AllowDiscount>1</AllowDiscount>
      <itemStatus>1</itemStatus>
      <LastUpdateDate />
      <LastUpdateTime />
    </Product>
    <Product>
      <PriceUpdateDate>2018/10/30 11:03</PriceUpdateDate>
      <ItemCode>7290016006735</ItemCode>
      <ItemType>1</ItemType>
      <ItemName>שוופס מוגז פירות תפוז  1.5 ליטר</ItemName>
      <ManufactureName>יפאורה שותפות מוגבלת לשיווק</ManufactureName>
      <ManufactureCountry />
      <ManufactureItemDescription />
      <UnitQty>י"ח</UnitQty>
      <Quantity>1.50</Quantity>
      <UnitMeasure>ליטר</UnitMeasure>
      <BisWeighted>0</BisWeighted>
      <QtyInPackage>1</QtyInPackage>
      <ItemPrice>6.70</ItemPrice>
      <UnitOfMeasurePrice>4.47</UnitOfMeasurePrice>
      <AllowDiscount>1</AllowDiscount>
      <itemStatus>1</itemStatus>
      <LastUpdateDate />
      <LastUpdateTime />
    </Product>
    <Product>
      <PriceUpdateDate>2018/11/08 17:47</PriceUpdateDate>
      <ItemCode>7290016006865</ItemCode>
      <ItemType>1</ItemType>
      <ItemName>ספרינג אננס בננה  1.5</ItemName>
      <ManufactureName>יפאורה שותפות מוגבלת לשיווק</ManufactureName>
      <ManufactureCountry />
      <ManufactureItemDescription />
      <UnitQty>י"ח</UnitQty>
      <Quantity>1.50</Quantity>
      <UnitMeasure>ליטר</UnitMeasure>
      <BisWeighted>0</BisWeighted>
      <QtyInPackage>1</QtyInPackage>
      <ItemPrice>6.20</ItemPrice>
      <UnitOfMeasurePrice>4.13</UnitOfMeasurePrice>
      <AllowDiscount>1</AllowDiscount>
      <itemStatus>1</itemStatus>
      <LastUpdateDate />
      <LastUpdateTime />
    </Product>
    <Product>
      <PriceUpdateDate>2017/11/09 08:46</PriceUpdateDate>
      <ItemCode>7290016076035</ItemCode>
      <ItemType>1</ItemType>
      <ItemName>פרנה  מאמא אובלי מארז 4יח</ItemName>
      <ManufactureName>גיא שיווק טוב 2016</ManufactureName>
      <ManufactureCountry />
      <ManufactureItemDescription />
      <UnitQty>י"ח</UnitQty>
      <Quantity>1</Quantity>
      <UnitMeasure />
      <BisWeighted>0</BisWeighted>
      <QtyInPackage>1</QtyInPackage>
      <ItemPrice>13.90</ItemPrice>
      <UnitOfMeasurePrice>13.90</UnitOfMeasurePrice>
      <AllowDiscount>0</AllowDiscount>
      <itemStatus>1</itemStatus>
      <LastUpdateDate />
      <LastUpdateTime />
    </Product>
    <Product>
      <PriceUpdateDate>2017/10/03 14:27</PriceUpdateDate>
      <ItemCode>7290016087208</ItemCode>
      <ItemType>1</ItemType>
      <ItemName>עגבניות מרוסקות מרוכזות  עם בזילי  230</ItemName>
      <ManufactureName>ח.כהן סוכנות מזון ומשקאות בע</ManufactureName>
      <ManufactureCountry />
      <ManufactureItemDescription />
      <UnitQty>י"ח</UnitQty>
      <Quantity>230</Quantity>
      <UnitMeasure>ל  גרם</UnitMeasure>
      <BisWeighted>0</BisWeighted>
      <QtyInPackage>1</QtyInPackage>
      <ItemPrice>3.90</ItemPrice>
      <UnitOfMeasurePrice>1.70</UnitOfMeasurePrice>
      <AllowDiscount>0</AllowDiscount>
      <itemStatus>1</itemStatus>
      <LastUpdateDate />
      <LastUpdateTime />
    </Product>
    <Product>
      <PriceUpdateDate>2018/02/13 09:58</PriceUpdateDate>
      <ItemCode>7290016094039</ItemCode>
      <ItemType>1</ItemType>
      <ItemName>אולטסול ספריי שקוף 50/200 קידס</ItemName>
      <ManufactureName>פישר תעשיות פרמבצטיות בעמ</ManufactureName>
      <ManufactureCountry />
      <ManufactureItemDescription />
      <UnitQty>י"ח</UnitQty>
      <Quantity>200</Quantity>
      <UnitMeasure>ל  מ"ל</UnitMeasure>
      <BisWeighted>0</BisWeighted>
      <QtyInPackage>1</QtyInPackage>
      <ItemPrice>59.90</ItemPrice>
      <UnitOfMeasurePrice>29.95</UnitOfMeasurePrice>
      <AllowDiscount>0</AllowDiscount>
      <itemStatus>1</itemStatus>
      <LastUpdateDate />
      <LastUpdateTime />
    </Product>
    <Product>
      <PriceUpdateDate>2019/06/11 09:31</PriceUpdateDate>
      <ItemCode>7290016096705</ItemCode>
      <ItemType>1</ItemType>
      <ItemName>מארז טונה בשמן צמחי רביעייה  110 גרם</ItemName>
      <ManufactureName>תעשיות פילטונה בעמ</ManufactureName>
      <ManufactureCountry />
      <ManufactureItemDescription />
      <UnitQty>י"ח</UnitQty>
      <Quantity>440</Quantity>
      <UnitMeasure>ל  גרם</UnitMeasure>
      <BisWeighted>0</BisWeighted>
      <QtyInPackage>1</QtyInPackage>
      <ItemPrice>18.90</ItemPrice>
      <UnitOfMeasurePrice>4.30</UnitOfMeasurePrice>
      <AllowDiscount>1</AllowDiscount>
      <itemStatus>1</itemStatus>
      <LastUpdateDate />
      <LastUpdateTime />
    </Product>
    <Product>
      <PriceUpdateDate>2018/06/13 12:27</PriceUpdateDate>
      <ItemCode>7290016114300</ItemCode>
      <ItemType>1</ItemType>
      <ItemName>לילי גליל כפול 16 גלילים</ItemName>
      <ManufactureName>קימברלי קלארק ישראל שיווק בעמ</ManufactureName>
      <ManufactureCountry />
      <ManufactureItemDescription />
      <UnitQty>י"ח</UnitQty>
      <Quantity>1953</Quantity>
      <UnitMeasure>ל  גרם</UnitMeasure>
      <BisWeighted>0</BisWeighted>
      <QtyInPackage>1</QtyInPackage>
      <ItemPrice>38.90</ItemPrice>
      <UnitOfMeasurePrice>1.99</UnitOfMeasurePrice>
      <AllowDiscount>1</AllowDiscount>
      <itemStatus>1</itemStatus>
      <LastUpdateDate />
      <LastUpdateTime />
    </Product>
    <Product>
      <PriceUpdateDate>2016/07/10 10:46</PriceUpdateDate>
      <ItemCode>7290016136692</ItemCode>
      <ItemType>1</ItemType>
      <ItemName>אקווה פרש שלשיות מנטה 100מ"ל</ItemName>
      <ManufactureName>גורי ע.ע.ע. בעמ</ManufactureName>
      <ManufactureCountry />
      <ManufactureItemDescription />
      <UnitQty>י"ח</UnitQty>
      <Quantity>125</Quantity>
      <UnitMeasure>ל  מ"ל</UnitMeasure>
      <BisWeighted>0</BisWeighted>
      <QtyInPackage>1</QtyInPackage>
      <ItemPrice>20</ItemPrice>
      <UnitOfMeasurePrice>16</UnitOfMeasurePrice>
      <AllowDiscount>1</AllowDiscount>
      <itemStatus>1</itemStatus>
      <LastUpdateDate />
      <LastUpdateTime />
    </Product>
    <Product>
      <PriceUpdateDate>2017/03/27 10:54</PriceUpdateDate>
      <ItemCode>7290016136722</ItemCode>
      <ItemType>1</ItemType>
      <ItemName>פתיתים פנה  ללא גלוטן 340ג</ItemName>
      <ManufactureName>גורי מוצרי צריכה בעמ</ManufactureName>
      <ManufactureCountry />
      <ManufactureItemDescription />
      <UnitQty>י"ח</UnitQty>
      <Quantity>340</Quantity>
      <UnitMeasure>ל  גרם</UnitMeasure>
      <BisWeighted>0</BisWeighted>
      <QtyInPackage>1</QtyInPackage>
      <ItemPrice>9.90</ItemPrice>
      <UnitOfMeasurePrice>2.91</UnitOfMeasurePrice>
      <AllowDiscount>0</AllowDiscount>
      <itemStatus>1</itemStatus>
      <LastUpdateDate />
      <LastUpdateTime />
    </Product>
    <Product>
      <PriceUpdateDate>2017/03/27 10:54</PriceUpdateDate>
      <ItemCode>7290016136746</ItemCode>
      <ItemType>1</ItemType>
      <ItemName>אטריות מקלונים   ללא גלוטן 340ג</ItemName>
      <ManufactureName>גורי מוצרי צריכה בעמ</ManufactureName>
      <ManufactureCountry />
      <ManufactureItemDescription />
      <UnitQty>י"ח</UnitQty>
      <Quantity>340</Quantity>
      <UnitMeasure>ל  גרם</UnitMeasure>
      <BisWeighted>0</BisWeighted>
      <QtyInPackage>1</QtyInPackage>
      <ItemPrice>9.90</ItemPrice>
      <UnitOfMeasurePrice>2.91</UnitOfMeasurePrice>
      <AllowDiscount>0</AllowDiscount>
      <itemStatus>1</itemStatus>
      <LastUpdateDate />
      <LastUpdateTime />
    </Product>
    <Product>
      <PriceUpdateDate>2018/05/16 14:37</PriceUpdateDate>
      <ItemCode>7290016144000</ItemCode>
      <ItemType>1</ItemType>
      <ItemName>קמח חיטה  מלא נפלאות   80% 1ק"ג</ItemName>
      <ManufactureName>קמח מלכים בעמ</ManufactureName>
      <ManufactureCountry />
      <ManufactureItemDescription />
      <UnitQty>י"ח</UnitQty>
      <Quantity>1</Quantity>
      <UnitMeasure>ק"ג</UnitMeasure>
      <BisWeighted>0</BisWeighted>
      <QtyInPackage>1</QtyInPackage>
      <ItemPrice>8.90</ItemPrice>
      <UnitOfMeasurePrice>8.90</UnitOfMeasurePrice>
      <AllowDiscount>0</AllowDiscount>
      <itemStatus>1</itemStatus>
      <LastUpdateDate />
      <LastUpdateTime />
    </Product>
    <Product>
      <PriceUpdateDate>2018/07/26 15:35</PriceUpdateDate>
      <ItemCode>7290016144024</ItemCode>
      <ItemType>1</ItemType>
      <ItemName>קמח כוסמין 100%   1ק"ג</ItemName>
      <ManufactureName>קמח מלכים בעמ</ManufactureName>
      <ManufactureCountry />
      <ManufactureItemDescription />
      <UnitQty>י"ח</UnitQty>
      <Quantity>1</Quantity>
      <UnitMeasure>ק"ג</UnitMeasure>
      <BisWeighted>0</BisWeighted>
      <QtyInPackage>1</QtyInPackage>
      <ItemPrice>16.90</ItemPrice>
      <UnitOfMeasurePrice>16.90</UnitOfMeasurePrice>
      <AllowDiscount>0</AllowDiscount>
      <itemStatus>1</itemStatus>
      <LastUpdateDate />
      <LastUpdateTime />
    </Product>
    <Product>
      <PriceUpdateDate>2019/01/08 11:02</PriceUpdateDate>
      <ItemCode>7290016144031</ItemCode>
      <ItemType>1</ItemType>
      <ItemName>קמח לבן מנופה  1ק"ג</ItemName>
      <ManufactureName>קמח מלכים בעמ</ManufactureName>
      <ManufactureCountry />
      <ManufactureItemDescription />
      <UnitQty>י"ח</UnitQty>
      <Quantity>1</Quantity>
      <UnitMeasure>ק"ג</UnitMeasure>
      <BisWeighted>0</BisWeighted>
      <QtyInPackage>1</QtyInPackage>
      <ItemPrice>6.90</ItemPrice>
      <UnitOfMeasurePrice>6.90</UnitOfMeasurePrice>
      <AllowDiscount>0</AllowDiscount>
      <itemStatus>1</itemStatus>
      <LastUpdateDate />
      <LastUpdateTime />
    </Product>
    <Product>
      <PriceUpdateDate>2018/07/26 15:34</PriceUpdateDate>
      <ItemCode>7290016144048</ItemCode>
      <ItemType>1</ItemType>
      <ItemName>קמח כוסמין לבן   1ק"ג</ItemName>
      <ManufactureName>קמח מלכים בעמ</ManufactureName>
      <ManufactureCountry />
      <ManufactureItemDescription />
      <UnitQty>י"ח</UnitQty>
      <Quantity>1</Quantity>
      <UnitMeasure>ק"ג</UnitMeasure>
      <BisWeighted>0</BisWeighted>
      <QtyInPackage>1</QtyInPackage>
      <ItemPrice>17.90</ItemPrice>
      <UnitOfMeasurePrice>17.90</UnitOfMeasurePrice>
      <AllowDiscount>0</AllowDiscount>
      <itemStatus>1</itemStatus>
      <LastUpdateDate />
      <LastUpdateTime />
    </Product>
    <Product>
      <PriceUpdateDate>2018/05/16 14:39</PriceUpdateDate>
      <ItemCode>7290016144055</ItemCode>
      <ItemType>1</ItemType>
      <ItemName>קמח כוסמין 80%   1ק"ג</ItemName>
      <ManufactureName>קמח מלכים בעמ</ManufactureName>
      <ManufactureCountry />
      <ManufactureItemDescription />
      <UnitQty>י"ח</UnitQty>
      <Quantity>1</Quantity>
      <UnitMeasure>ק"ג</UnitMeasure>
      <BisWeighted>0</BisWeighted>
      <QtyInPackage>1</QtyInPackage>
      <ItemPrice>15.90</ItemPrice>
      <UnitOfMeasurePrice>15.90</UnitOfMeasurePrice>
      <AllowDiscount>0</AllowDiscount>
      <itemStatus>1</itemStatus>
      <LastUpdateDate />
      <LastUpdateTime />
    </Product>
    <Product>
      <PriceUpdateDate>2018/09/25 09:51</PriceUpdateDate>
      <ItemCode>7290016150117</ItemCode>
      <ItemType>1</ItemType>
      <ItemName>סלק בואקום לירון 500גר</ItemName>
      <ManufactureName>ביכורי הנגב מ.ד בעמ</ManufactureName>
      <ManufactureCountry />
      <ManufactureItemDescription />
      <UnitQty>י"ח</UnitQty>
      <Quantity>500</Quantity>
      <UnitMeasure>ל  גרם</UnitMeasure>
      <BisWeighted>0</BisWeighted>
      <QtyInPackage>1</QtyInPackage>
      <ItemPrice>8.90</ItemPrice>
      <UnitOfMeasurePrice>1.78</UnitOfMeasurePrice>
      <AllowDiscount>1</AllowDiscount>
      <itemStatus>1</itemStatus>
      <LastUpdateDate />
      <LastUpdateTime />
    </Product>
    <Product>
      <PriceUpdateDate>2018/10/17 18:37</PriceUpdateDate>
      <ItemCode>7290016162233</ItemCode>
      <ItemType>1</ItemType>
      <ItemName>עוגיות דיזרט פרמיום סוגים שונים פרווה</ItemName>
      <ManufactureName>קפולסקי אדל בעמ</ManufactureName>
      <ManufactureCountry />
      <ManufactureItemDescription />
      <UnitQty>י"ח</UnitQty>
      <Quantity>280</Quantity>
      <UnitMeasure>ל  גרם</UnitMeasure>
      <BisWeighted>0</BisWeighted>
      <QtyInPackage>1</QtyInPackage>
      <ItemPrice>19.90</ItemPrice>
      <UnitOfMeasurePrice>7.11</UnitOfMeasurePrice>
      <AllowDiscount>0</AllowDiscount>
      <itemStatus>1</itemStatus>
      <LastUpdateDate />
      <LastUpdateTime />
    </Product>
    <Product>
      <PriceUpdateDate>2016/07/31 09:03</PriceUpdateDate>
      <ItemCode>7290016188608</ItemCode>
      <ItemType>1</ItemType>
      <ItemName>יין למברוסקו לבן חצי יבש 750מ"ל</ItemName>
      <ManufactureName>אגודת הכורמים -כרמל מזרחי</ManufactureName>
      <ManufactureCountry />
      <ManufactureItemDescription />
      <UnitQty>י"ח</UnitQty>
      <Quantity>750</Quantity>
      <UnitMeasure>ל  מ"ל</UnitMeasure>
      <BisWeighted>0</BisWeighted>
      <QtyInPackage>1</QtyInPackage>
      <ItemPrice>30.20</ItemPrice>
      <UnitOfMeasurePrice>3.99</UnitOfMeasurePrice>
      <AllowDiscount>1</AllowDiscount>
      <itemStatus>1</itemStatus>
      <LastUpdateDate />
      <LastUpdateTime />
    </Product>
    <Product>
      <PriceUpdateDate>2016/02/16 09:43</PriceUpdateDate>
      <ItemCode>7290016197488</ItemCode>
      <ItemType>1</ItemType>
      <ItemName>מטלית קסם לשיש שלשות.</ItemName>
      <ManufactureName>קימברלי קלארק ישראל שיווק בעמ</ManufactureName>
      <ManufactureCountry />
      <ManufactureItemDescription />
      <UnitQty>י"ח</UnitQty>
      <Quantity>3</Quantity>
      <UnitMeasure>י"ח</UnitMeasure>
      <BisWeighted>0</BisWeighted>
      <QtyInPackage>1</QtyInPackage>
      <ItemPrice>15.90</ItemPrice>
      <UnitOfMeasurePrice>5.30</UnitOfMeasurePrice>
      <AllowDiscount>0</AllowDiscount>
      <itemStatus>1</itemStatus>
      <LastUpdateDate />
      <LastUpdateTime />
    </Product>
    <Product>
      <PriceUpdateDate>2016/06/15 14:55</PriceUpdateDate>
      <ItemCode>7290016197600</ItemCode>
      <ItemType>1</ItemType>
      <ItemName>דיפנד  תחבושות נורמל</ItemName>
      <ManufactureName>קימברלי קלארק ישראל שיווק בעמ</ManufactureName>
      <ManufactureCountry />
      <ManufactureItemDescription />
      <UnitQty>י"ח</UnitQty>
      <Quantity>1</Quantity>
      <UnitMeasure />
      <BisWeighted>0</BisWeighted>
      <QtyInPackage>1</QtyInPackage>
      <ItemPrice>19.90</ItemPrice>
      <UnitOfMeasurePrice>19.90</UnitOfMeasurePrice>
      <AllowDiscount>1</AllowDiscount>
      <itemStatus>1</itemStatus>
      <LastUpdateDate />
      <LastUpdateTime />
    </Product>
    <Product>
      <PriceUpdateDate>2016/02/16 09:48</PriceUpdateDate>
      <ItemCode>7290016197839</ItemCode>
      <ItemType>1</ItemType>
      <ItemName>שקיות החזקה XL</ItemName>
      <ManufactureName>קימברלי קלארק ישראל שיווק בעמ</ManufactureName>
      <ManufactureCountry />
      <ManufactureItemDescription />
      <UnitQty>י"ח</UnitQty>
      <Quantity>1</Quantity>
      <UnitMeasure>י"ח</UnitMeasure>
      <BisWeighted>0</BisWeighted>
      <QtyInPackage>1</QtyInPackage>
      <ItemPrice>23.90</ItemPrice>
      <UnitOfMeasurePrice>23.90</UnitOfMeasurePrice>
      <AllowDiscount>0</AllowDiscount>
      <itemStatus>1</itemStatus>
      <LastUpdateDate />
      <LastUpdateTime />
    </Product>
    <Product>
      <PriceUpdateDate>2017/02/27 16:07</PriceUpdateDate>
      <ItemCode>7290016197853</ItemCode>
      <ItemType>1</ItemType>
      <ItemName>ניקול אשפתון פחים בינונים 50יח</ItemName>
      <ManufactureName>קימברלי קלארק ישראל שיווק בעמ</ManufactureName>
      <ManufactureCountry />
      <ManufactureItemDescription />
      <UnitQty>י"ח</UnitQty>
      <Quantity>50</Quantity>
      <UnitMeasure>י"ח</UnitMeasure>
      <BisWeighted>0</BisWeighted>
      <QtyInPackage>1</QtyInPackage>
      <ItemPrice>14.90</ItemPrice>
      <UnitOfMeasurePrice>0.30</UnitOfMeasurePrice>
      <AllowDiscount>0</AllowDiscount>
      <itemStatus>1</itemStatus>
      <LastUpdateDate />
      <LastUpdateTime />
    </Product>
    <Product>
      <PriceUpdateDate>2018/03/09 11:59</PriceUpdateDate>
      <ItemCode>7290016197877</ItemCode>
      <ItemType>1</ItemType>
      <ItemName>שקית לפחי מטבח קטנים M</ItemName>
      <ManufactureName>קימברלי קלארק ישראל שיווק בעמ</ManufactureName>
      <ManufactureCountry />
      <ManufactureItemDescription />
      <UnitQty>י"ח</UnitQty>
      <Quantity>1</Quantity>
      <UnitMeasure>י"ח</UnitMeasure>
      <BisWeighted>0</BisWeighted>
      <QtyInPackage>1</QtyInPackage>
      <ItemPrice>22.90</ItemPrice>
      <UnitOfMeasurePrice>22.90</UnitOfMeasurePrice>
      <AllowDiscount>0</AllowDiscount>
      <itemStatus>1</itemStatus>
      <LastUpdateDate />
      <LastUpdateTime />
    </Product>
    <Product>
      <PriceUpdateDate>2019/04/04 10:44</PriceUpdateDate>
      <ItemCode>7290016270273</ItemCode>
      <ItemType>1</ItemType>
      <ItemName>כרובית ארוזה</ItemName>
      <ManufactureName>ביכורי הנגב מ.ד בעמ</ManufactureName>
      <ManufactureCountry />
      <ManufactureItemDescription />
      <UnitQty>י"ח</UnitQty>
      <Quantity>1</Quantity>
      <UnitMeasure>י"ח</UnitMeasure>
      <BisWeighted>0</BisWeighted>
      <QtyInPackage>1</QtyInPackage>
      <ItemPrice>12.90</ItemPrice>
      <UnitOfMeasurePrice>12.90</UnitOfMeasurePrice>
      <AllowDiscount>0</AllowDiscount>
      <itemStatus>1</itemStatus>
      <LastUpdateDate />
      <LastUpdateTime />
    </Product>
    <Product>
      <PriceUpdateDate>2016/03/28 12:01</PriceUpdateDate>
      <ItemCode>7290016276442</ItemCode>
      <ItemType>1</ItemType>
      <ItemName>קשיו קלוי 150 גרם המותג</ItemName>
      <ManufactureName>דין שיווק וקליהבעמ</ManufactureName>
      <ManufactureCountry />
      <ManufactureItemDescription />
      <UnitQty>י"ח</UnitQty>
      <Quantity>150</Quantity>
      <UnitMeasure>ל  גרם</UnitMeasure>
      <BisWeighted>0</BisWeighted>
      <QtyInPackage>1</QtyInPackage>
      <ItemPrice>10</ItemPrice>
      <UnitOfMeasurePrice>6.67</UnitOfMeasurePrice>
      <AllowDiscount>0</AllowDiscount>
      <itemStatus>1</itemStatus>
      <LastUpdateDate />
      <LastUpdateTime />
    </Product>
    <Product>
      <PriceUpdateDate>2016/03/28 12:02</PriceUpdateDate>
      <ItemCode>7290016276459</ItemCode>
      <ItemType>1</ItemType>
      <ItemName>תערובת פיצוחים 150 גרם המותג</ItemName>
      <ManufactureName>דין שיווק וקליהבעמ</ManufactureName>
      <ManufactureCountry />
      <ManufactureItemDescription />
      <UnitQty>י"ח</UnitQty>
      <Quantity>150</Quantity>
      <UnitMeasure>ל  גרם</UnitMeasure>
      <BisWeighted>0</BisWeighted>
      <QtyInPackage>1</QtyInPackage>
      <ItemPrice>10</ItemPrice>
      <UnitOfMeasurePrice>6.67</UnitOfMeasurePrice>
      <AllowDiscount>0</AllowDiscount>
      <itemStatus>1</itemStatus>
      <LastUpdateDate />
      <LastUpdateTime />
    </Product>
    <Product>
      <PriceUpdateDate>2020/01/06 10:35</PriceUpdateDate>
      <ItemCode>7290016277449</ItemCode>
      <ItemType>1</ItemType>
      <ItemName>חמוציות בציפוי שוקולד מריר 60%  100גר</ItemName>
      <ManufactureName>דין שיווק וקליהבעמ</ManufactureName>
      <ManufactureCountry />
      <ManufactureItemDescription />
      <UnitQty>י"ח</UnitQty>
      <Quantity>100</Quantity>
      <UnitMeasure>ל  גרם</UnitMeasure>
      <BisWeighted>0</BisWeighted>
      <QtyInPackage>1</QtyInPackage>
      <ItemPrice>11.90</ItemPrice>
      <UnitOfMeasurePrice>11.90</UnitOfMeasurePrice>
      <AllowDiscount>0</AllowDiscount>
      <itemStatus>1</itemStatus>
      <LastUpdateDate />
      <LastUpdateTime />
    </Product>
    <Product>
      <PriceUpdateDate>2019/01/08 09:19</PriceUpdateDate>
      <ItemCode>7290016314366</ItemCode>
      <ItemType>1</ItemType>
      <ItemName>מטיאס  400גר</ItemName>
      <ManufactureName>בידאני נתן</ManufactureName>
      <ManufactureCountry />
      <ManufactureItemDescription />
      <UnitQty>י"ח</UnitQty>
      <Quantity>400</Quantity>
      <UnitMeasure>ל  גרם</UnitMeasure>
      <BisWeighted>0</BisWeighted>
      <QtyInPackage>1</QtyInPackage>
      <ItemPrice>29.90</ItemPrice>
      <UnitOfMeasurePrice>7.48</UnitOfMeasurePrice>
      <AllowDiscount>0</AllowDiscount>
      <itemStatus>1</itemStatus>
      <LastUpdateDate />
      <LastUpdateTime />
    </Product>
    <Product>
      <PriceUpdateDate>2019/01/08 09:19</PriceUpdateDate>
      <ItemCode>7290016314373</ItemCode>
      <ItemType>1</ItemType>
      <ItemName>הרינג 400 גר</ItemName>
      <ManufactureName>בידאני נתן</ManufactureName>
      <ManufactureCountry />
      <ManufactureItemDescription />
      <UnitQty>י"ח</UnitQty>
      <Quantity>400</Quantity>
      <UnitMeasure>ל  גרם</UnitMeasure>
      <BisWeighted>0</BisWeighted>
      <QtyInPackage>1</QtyInPackage>
      <ItemPrice>29.90</ItemPrice>
      <UnitOfMeasurePrice>7.48</UnitOfMeasurePrice>
      <AllowDiscount>0</AllowDiscount>
      <itemStatus>1</itemStatus>
      <LastUpdateDate />
      <LastUpdateTime />
    </Product>
    <Product>
      <PriceUpdateDate>2018/04/23 16:05</PriceUpdateDate>
      <ItemCode>7290016320336</ItemCode>
      <ItemType>1</ItemType>
      <ItemName>גלילי וופל עם קרם וניל   280ג מואי</ItemName>
      <ManufactureName>דנשר (1963) בעמ</ManufactureName>
      <ManufactureCountry />
      <ManufactureItemDescription />
      <UnitQty>י"ח</UnitQty>
      <Quantity>280</Quantity>
      <UnitMeasure>ל  גרם</UnitMeasure>
      <BisWeighted>0</BisWeighted>
      <QtyInPackage>1</QtyInPackage>
      <ItemPrice>14.90</ItemPrice>
      <UnitOfMeasurePrice>5.32</UnitOfMeasurePrice>
      <AllowDiscount>1</AllowDiscount>
      <itemStatus>1</itemStatus>
      <LastUpdateDate />
      <LastUpdateTime />
    </Product>
    <Product>
      <PriceUpdateDate>2019/06/25 07:48</PriceUpdateDate>
      <ItemCode>7290016321678</ItemCode>
      <ItemType>1</ItemType>
      <ItemName>פרש ואנס רביעייה NATURAL CARE</ItemName>
      <ManufactureName>דנשר (1963) בעמ</ManufactureName>
      <ManufactureCountry />
      <ManufactureItemDescription />
      <UnitQty>י"ח</UnitQty>
      <Quantity>4</Quantity>
      <UnitMeasure>י"ח</UnitMeasure>
      <BisWeighted>0</BisWeighted>
      <QtyInPackage>1</QtyInPackage>
      <ItemPrice>17.90</ItemPrice>
      <UnitOfMeasurePrice>4.48</UnitOfMeasurePrice>
      <AllowDiscount>0</AllowDiscount>
      <itemStatus>1</itemStatus>
      <LastUpdateDate />
      <LastUpdateTime />
    </Product>
    <Product>
      <PriceUpdateDate>2017/12/21 14:32</PriceUpdateDate>
      <ItemCode>7290016329278</ItemCode>
      <ItemType>1</ItemType>
      <ItemName>מגבונים מילוי קמיל בלו רביעייה</ItemName>
      <ManufactureName>פישר תעשיות פרמבצטיות בעמ</ManufactureName>
      <ManufactureCountry />
      <ManufactureItemDescription />
      <UnitQty>י"ח</UnitQty>
      <Quantity>400</Quantity>
      <UnitMeasure>ל  גרם</UnitMeasure>
      <BisWeighted>0</BisWeighted>
      <QtyInPackage>1</QtyInPackage>
      <ItemPrice>19.90</ItemPrice>
      <UnitOfMeasurePrice>4.98</UnitOfMeasurePrice>
      <AllowDiscount>1</AllowDiscount>
      <itemStatus>1</itemStatus>
      <LastUpdateDate />
      <LastUpdateTime />
    </Product>
    <Product>
      <PriceUpdateDate>2020/03/12 14:27</PriceUpdateDate>
      <ItemCode>7290016329896</ItemCode>
      <ItemType>1</ItemType>
      <ItemName>אלכהוג ל 30מ"ל פישר</ItemName>
      <ManufactureName>פישר תעשיות פרמבצטיות בעמ</ManufactureName>
      <ManufactureCountry />
      <ManufactureItemDescription />
      <UnitQty>י"ח</UnitQty>
      <Quantity>30</Quantity>
      <UnitMeasure>ל  מ"ל</UnitMeasure>
      <BisWeighted>0</BisWeighted>
      <QtyInPackage>1</QtyInPackage>
      <ItemPrice>11.90</ItemPrice>
      <UnitOfMeasurePrice>39.67</UnitOfMeasurePrice>
      <AllowDiscount>1</AllowDiscount>
      <itemStatus>1</itemStatus>
      <LastUpdateDate />
      <LastUpdateTime />
    </Product>
    <Product>
      <PriceUpdateDate>2017/12/31 11:52</PriceUpdateDate>
      <ItemCode>7290016334036</ItemCode>
      <ItemType>1</ItemType>
      <ItemName>עירית</ItemName>
      <ManufactureName>ביכורי הנגב מ.ד בעמ</ManufactureName>
      <ManufactureCountry />
      <ManufactureItemDescription />
      <UnitQty>י"ח</UnitQty>
      <Quantity>1</Quantity>
      <UnitMeasure />
      <BisWeighted>0</BisWeighted>
      <QtyInPackage>1</QtyInPackage>
      <ItemPrice>5.90</ItemPrice>
      <UnitOfMeasurePrice>5.90</UnitOfMeasurePrice>
      <AllowDiscount>0</AllowDiscount>
      <itemStatus>1</itemStatus>
      <LastUpdateDate />
      <LastUpdateTime />
    </Product>
    <Product>
      <PriceUpdateDate>2018/01/31 09:13</PriceUpdateDate>
      <ItemCode>7290016334173</ItemCode>
      <ItemType>1</ItemType>
      <ItemName>פלפל טינקרבל</ItemName>
      <ManufactureName>ביכורי הנגב מ.ד בעמ</ManufactureName>
      <ManufactureCountry />
      <ManufactureItemDescription />
      <UnitQty>י"ח</UnitQty>
      <Quantity>1</Quantity>
      <UnitMeasure />
      <BisWeighted>0</BisWeighted>
      <QtyInPackage>1</QtyInPackage>
      <ItemPrice>9.90</ItemPrice>
      <UnitOfMeasurePrice>9.90</UnitOfMeasurePrice>
      <AllowDiscount>1</AllowDiscount>
      <itemStatus>1</itemStatus>
      <LastUpdateDate />
      <LastUpdateTime />
    </Product>
    <Product>
      <PriceUpdateDate>2020/02/16 14:27</PriceUpdateDate>
      <ItemCode>7290016334180</ItemCode>
      <ItemType>1</ItemType>
      <ItemName>.מלפפון בייבי</ItemName>
      <ManufactureName>ביכורי הנגב מ.ד בעמ</ManufactureName>
      <ManufactureCountry />
      <ManufactureItemDescription />
      <UnitQty>י"ח</UnitQty>
      <Quantity>1</Quantity>
      <UnitMeasure />
      <BisWeighted>0</BisWeighted>
      <QtyInPackage>1</QtyInPackage>
      <ItemPrice>9.90</ItemPrice>
      <UnitOfMeasurePrice>9.90</UnitOfMeasurePrice>
      <AllowDiscount>1</AllowDiscount>
      <itemStatus>1</itemStatus>
      <LastUpdateDate />
      <LastUpdateTime />
    </Product>
    <Product>
      <PriceUpdateDate>2019/06/25 08:03</PriceUpdateDate>
      <ItemCode>7290016334296</ItemCode>
      <ItemType>1</ItemType>
      <ItemName>ברוקולי ארוז יחידה</ItemName>
      <ManufactureName>ביכורי הנגב מ.ד בעמ</ManufactureName>
      <ManufactureCountry />
      <ManufactureItemDescription />
      <UnitQty>י"ח</UnitQty>
      <Quantity>1</Quantity>
      <UnitMeasure />
      <BisWeighted>0</BisWeighted>
      <QtyInPackage>1</QtyInPackage>
      <ItemPrice>12.90</ItemPrice>
      <UnitOfMeasurePrice>12.90</UnitOfMeasurePrice>
      <AllowDiscount>1</AllowDiscount>
      <itemStatus>1</itemStatus>
      <LastUpdateDate />
      <LastUpdateTime />
    </Product>
    <Product>
      <PriceUpdateDate>2019/04/02 10:22</PriceUpdateDate>
      <ItemCode>7290016334388</ItemCode>
      <ItemType>1</ItemType>
      <ItemName>פלפל צ`ילי</ItemName>
      <ManufactureName>ביכורי הנגב מ.ד בעמ</ManufactureName>
      <ManufactureCountry />
      <ManufactureItemDescription />
      <UnitQty>י"ח</UnitQty>
      <Quantity>1</Quantity>
      <UnitMeasure />
      <BisWeighted>0</BisWeighted>
      <QtyInPackage>1</QtyInPackage>
      <ItemPrice>6.90</ItemPrice>
      <UnitOfMeasurePrice>6.90</UnitOfMeasurePrice>
      <AllowDiscount>0</AllowDiscount>
      <itemStatus>1</itemStatus>
      <LastUpdateDate />
      <LastUpdateTime />
    </Product>
    <Product>
      <PriceUpdateDate>2017/12/31 11:52</PriceUpdateDate>
      <ItemCode>7290016334456</ItemCode>
      <ItemType>1</ItemType>
      <ItemName>בזיליקום</ItemName>
      <ManufactureName>ביכורי הנגב מ.ד בעמ</ManufactureName>
      <ManufactureCountry />
      <ManufactureItemDescription />
      <UnitQty>י"ח</UnitQty>
      <Quantity>1</Quantity>
      <UnitMeasure />
      <BisWeighted>0</BisWeighted>
      <QtyInPackage>1</QtyInPackage>
      <ItemPrice>5.90</ItemPrice>
      <UnitOfMeasurePrice>5.90</UnitOfMeasurePrice>
      <AllowDiscount>0</AllowDiscount>
      <itemStatus>1</itemStatus>
      <LastUpdateDate />
      <LastUpdateTime />
    </Product>
    <Product>
      <PriceUpdateDate>2017/12/31 11:33</PriceUpdateDate>
      <ItemCode>7290016334463</ItemCode>
      <ItemType>1</ItemType>
      <ItemName>סלרי ראש</ItemName>
      <ManufactureName>ביכורי הנגב מ.ד בעמ</ManufactureName>
      <ManufactureCountry />
      <ManufactureItemDescription />
      <UnitQty>י"ח</UnitQty>
      <Quantity>1</Quantity>
      <UnitMeasure />
      <BisWeighted>0</BisWeighted>
      <QtyInPackage>1</QtyInPackage>
      <ItemPrice>5.90</ItemPrice>
      <UnitOfMeasurePrice>5.90</UnitOfMeasurePrice>
      <AllowDiscount>0</AllowDiscount>
      <itemStatus>1</itemStatus>
      <LastUpdateDate />
      <LastUpdateTime />
    </Product>
    <Product>
      <PriceUpdateDate>2017/12/31 11:43</PriceUpdateDate>
      <ItemCode>7290016334487</ItemCode>
      <ItemType>1</ItemType>
      <ItemName>פלפל מתוק יבש</ItemName>
      <ManufactureName>ביכורי הנגב מ.ד בעמ</ManufactureName>
      <ManufactureCountry />
      <ManufactureItemDescription />
      <UnitQty>י"ח</UnitQty>
      <Quantity>1</Quantity>
      <UnitMeasure />
      <BisWeighted>0</BisWeighted>
      <QtyInPackage>1</QtyInPackage>
      <ItemPrice>9.90</ItemPrice>
      <UnitOfMeasurePrice>9.90</UnitOfMeasurePrice>
      <AllowDiscount>0</AllowDiscount>
      <itemStatus>1</itemStatus>
      <LastUpdateDate />
      <LastUpdateTime />
    </Product>
    <Product>
      <PriceUpdateDate>2018/06/18 11:11</PriceUpdateDate>
      <ItemCode>7290016334500</ItemCode>
      <ItemType>1</ItemType>
      <ItemName>חסה לבבות מארז זוג</ItemName>
      <ManufactureName>ביכורי הנגב מ.ד בעמ</ManufactureName>
      <ManufactureCountry />
      <ManufactureItemDescription />
      <UnitQty>י"ח</UnitQty>
      <Quantity>300</Quantity>
      <UnitMeasure>ל  גרם</UnitMeasure>
      <BisWeighted>0</BisWeighted>
      <QtyInPackage>1</QtyInPackage>
      <ItemPrice>9.90</ItemPrice>
      <UnitOfMeasurePrice>3.30</UnitOfMeasurePrice>
      <AllowDiscount>1</AllowDiscount>
      <itemStatus>1</itemStatus>
      <LastUpdateDate />
      <LastUpdateTime />
    </Product>
    <Product>
      <PriceUpdateDate>2017/02/13 14:19</PriceUpdateDate>
      <ItemCode>7290016334562</ItemCode>
      <ItemType>1</ItemType>
      <ItemName>פלפל חריף</ItemName>
      <ManufactureName>ביכורי הנגב מ.ד בעמ</ManufactureName>
      <ManufactureCountry />
      <ManufactureItemDescription />
      <UnitQty>י"ח</UnitQty>
      <Quantity>1</Quantity>
      <UnitMeasure />
      <BisWeighted>0</BisWeighted>
      <QtyInPackage>1</QtyInPackage>
      <ItemPrice>8.90</ItemPrice>
      <UnitOfMeasurePrice>8.90</UnitOfMeasurePrice>
      <AllowDiscount>0</AllowDiscount>
      <itemStatus>1</itemStatus>
      <LastUpdateDate />
      <LastUpdateTime />
    </Product>
    <Product>
      <PriceUpdateDate>2017/12/31 11:36</PriceUpdateDate>
      <ItemCode>7290016334579</ItemCode>
      <ItemType>1</ItemType>
      <ItemName>פטרוזיליה ארוז</ItemName>
      <ManufactureName>ביכורי הנגב מ.ד בעמ</ManufactureName>
      <ManufactureCountry />
      <ManufactureItemDescription />
      <UnitQty>י"ח</UnitQty>
      <Quantity>1</Quantity>
      <UnitMeasure />
      <BisWeighted>0</BisWeighted>
      <QtyInPackage>1</QtyInPackage>
      <ItemPrice>3.90</ItemPrice>
      <UnitOfMeasurePrice>3.90</UnitOfMeasurePrice>
      <AllowDiscount>1</AllowDiscount>
      <itemStatus>1</itemStatus>
      <LastUpdateDate />
      <LastUpdateTime />
    </Product>
    <Product>
      <PriceUpdateDate>2017/12/31 11:37</PriceUpdateDate>
      <ItemCode>7290016334586</ItemCode>
      <ItemType>1</ItemType>
      <ItemName>כוסברה ארוז</ItemName>
      <ManufactureName>ביכורי הנגב מ.ד בעמ</ManufactureName>
      <ManufactureCountry />
      <ManufactureItemDescription />
      <UnitQty>י"ח</UnitQty>
      <Quantity>1</Quantity>
      <UnitMeasure />
      <BisWeighted>0</BisWeighted>
      <QtyInPackage>1</QtyInPackage>
      <ItemPrice>3.90</ItemPrice>
      <UnitOfMeasurePrice>3.90</UnitOfMeasurePrice>
      <AllowDiscount>1</AllowDiscount>
      <itemStatus>1</itemStatus>
      <LastUpdateDate />
      <LastUpdateTime />
    </Product>
    <Product>
      <PriceUpdateDate>2019/10/22 15:41</PriceUpdateDate>
      <ItemCode>7290016334616</ItemCode>
      <ItemType>1</ItemType>
      <ItemName>בצל ירוק</ItemName>
      <ManufactureName>ביכורי הנגב מ.ד בעמ</ManufactureName>
      <ManufactureCountry />
      <ManufactureItemDescription />
      <UnitQty>י"ח</UnitQty>
      <Quantity>1</Quantity>
      <UnitMeasure />
      <BisWeighted>0</BisWeighted>
      <QtyInPackage>1</QtyInPackage>
      <ItemPrice>4.90</ItemPrice>
      <UnitOfMeasurePrice>4.90</UnitOfMeasurePrice>
      <AllowDiscount>0</AllowDiscount>
      <itemStatus>1</itemStatus>
      <LastUpdateDate />
      <LastUpdateTime />
    </Product>
    <Product>
      <PriceUpdateDate>2017/12/31 11:32</PriceUpdateDate>
      <ItemCode>7290016334623</ItemCode>
      <ItemType>1</ItemType>
      <ItemName>סלרי עלים</ItemName>
      <ManufactureName>ביכורי הנגב מ.ד בעמ</ManufactureName>
      <ManufactureCountry />
      <ManufactureItemDescription />
      <UnitQty>י"ח</UnitQty>
      <Quantity>1</Quantity>
      <UnitMeasure>י"ח</UnitMeasure>
      <BisWeighted>0</BisWeighted>
      <QtyInPackage>1</QtyInPackage>
      <ItemPrice>5.90</ItemPrice>
      <UnitOfMeasurePrice>5.90</UnitOfMeasurePrice>
      <AllowDiscount>0</AllowDiscount>
      <itemStatus>1</itemStatus>
      <LastUpdateDate />
      <LastUpdateTime />
    </Product>
    <Product>
      <PriceUpdateDate>2017/12/31 11:38</PriceUpdateDate>
      <ItemCode>7290016334647</ItemCode>
      <ItemType>1</ItemType>
      <ItemName>סלק עלים</ItemName>
      <ManufactureName>ביכורי הנגב מ.ד בעמ</ManufactureName>
      <ManufactureCountry />
      <ManufactureItemDescription />
      <UnitQty>י"ח</UnitQty>
      <Quantity>1</Quantity>
      <UnitMeasure />
      <BisWeighted>0</BisWeighted>
      <QtyInPackage>1</QtyInPackage>
      <ItemPrice>6.90</ItemPrice>
      <UnitOfMeasurePrice>6.90</UnitOfMeasurePrice>
      <AllowDiscount>0</AllowDiscount>
      <itemStatus>1</itemStatus>
      <LastUpdateDate />
      <LastUpdateTime />
    </Product>
    <Product>
      <PriceUpdateDate>2020/02/25 09:24</PriceUpdateDate>
      <ItemCode>7290016334654</ItemCode>
      <ItemType>1</ItemType>
      <ItemName>תרד ניוזילנדי 370גר</ItemName>
      <ManufactureName>ביכורי הנגב מ.ד בעמ</ManufactureName>
      <ManufactureCountry />
      <ManufactureItemDescription />
      <UnitQty>י"ח</UnitQty>
      <Quantity>300</Quantity>
      <UnitMeasure>ל  גרם</UnitMeasure>
      <BisWeighted>0</BisWeighted>
      <QtyInPackage>1</QtyInPackage>
      <ItemPrice>11.90</ItemPrice>
      <UnitOfMeasurePrice>3.97</UnitOfMeasurePrice>
      <AllowDiscount>1</AllowDiscount>
      <itemStatus>1</itemStatus>
      <LastUpdateDate />
      <LastUpdateTime />
    </Product>
    <Product>
      <PriceUpdateDate>2019/07/01 09:02</PriceUpdateDate>
      <ItemCode>7290016334784</ItemCode>
      <ItemType>1</ItemType>
      <ItemName>גינגר ארוז</ItemName>
      <ManufactureName>ביכורי הנגב מ.ד בעמ</ManufactureName>
      <ManufactureCountry />
      <ManufactureItemDescription />
      <UnitQty>י"ח</UnitQty>
      <Quantity>1</Quantity>
      <UnitMeasure />
      <BisWeighted>0</BisWeighted>
      <QtyInPackage>1</QtyInPackage>
      <ItemPrice>8.90</ItemPrice>
      <UnitOfMeasurePrice>8.90</UnitOfMeasurePrice>
      <AllowDiscount>0</AllowDiscount>
      <itemStatus>1</itemStatus>
      <LastUpdateDate />
      <LastUpdateTime />
    </Product>
    <Product>
      <PriceUpdateDate>2019/07/01 09:02</PriceUpdateDate>
      <ItemCode>7290016334814</ItemCode>
      <ItemType>1</ItemType>
      <ItemName>חסה סלנובה</ItemName>
      <ManufactureName>ביכורי הנגב מ.ד בעמ</ManufactureName>
      <ManufactureCountry />
      <ManufactureItemDescription />
      <UnitQty>י"ח</UnitQty>
      <Quantity>1</Quantity>
      <UnitMeasure />
      <BisWeighted>0</BisWeighted>
      <QtyInPackage>1</QtyInPackage>
      <ItemPrice>12.90</ItemPrice>
      <UnitOfMeasurePrice>12.90</UnitOfMeasurePrice>
      <AllowDiscount>0</AllowDiscount>
      <itemStatus>1</itemStatus>
      <LastUpdateDate />
      <LastUpdateTime />
    </Product>
    <Product>
      <PriceUpdateDate>2018/12/05 16:31</PriceUpdateDate>
      <ItemCode>7290016335002</ItemCode>
      <ItemType>1</ItemType>
      <ItemName>מיקס ירקות</ItemName>
      <ManufactureName>ביכורי הנגב מ.ד בעמ</ManufactureName>
      <ManufactureCountry />
      <ManufactureItemDescription />
      <UnitQty>י"ח</UnitQty>
      <Quantity>1</Quantity>
      <UnitMeasure />
      <BisWeighted>0</BisWeighted>
      <QtyInPackage>1</QtyInPackage>
      <ItemPrice>16.90</ItemPrice>
      <UnitOfMeasurePrice>16.90</UnitOfMeasurePrice>
      <AllowDiscount>1</AllowDiscount>
      <itemStatus>1</itemStatus>
      <LastUpdateDate />
      <LastUpdateTime />
    </Product>
    <Product>
      <PriceUpdateDate>2019/06/23 09:50</PriceUpdateDate>
      <ItemCode>7290016363005</ItemCode>
      <ItemType>1</ItemType>
      <ItemName>לחם קל 7בראשית  דגנים 1.4ק"ג</ItemName>
      <ManufactureName>בראשית הלחם</ManufactureName>
      <ManufactureCountry />
      <ManufactureItemDescription />
      <UnitQty>י"ח</UnitQty>
      <Quantity>500</Quantity>
      <UnitMeasure>ל  גרם</UnitMeasure>
      <BisWeighted>0</BisWeighted>
      <QtyInPackage>1</QtyInPackage>
      <ItemPrice>14.90</ItemPrice>
      <UnitOfMeasurePrice>2.98</UnitOfMeasurePrice>
      <AllowDiscount>0</AllowDiscount>
      <itemStatus>1</itemStatus>
      <LastUpdateDate />
      <LastUpdateTime />
    </Product>
    <Product>
      <PriceUpdateDate>2018/09/06 09:40</PriceUpdateDate>
      <ItemCode>7290016372335</ItemCode>
      <ItemType>1</ItemType>
      <ItemName>עגבניות תחוכות לקוביות 400גר בודד</ItemName>
      <ManufactureName>תה ויסוצקי (ישראל)בעמ</ManufactureName>
      <ManufactureCountry />
      <ManufactureItemDescription />
      <UnitQty>י"ח</UnitQty>
      <Quantity>400</Quantity>
      <UnitMeasure>ל  גרם</UnitMeasure>
      <BisWeighted>0</BisWeighted>
      <QtyInPackage>1</QtyInPackage>
      <ItemPrice>5.90</ItemPrice>
      <UnitOfMeasurePrice>1.48</UnitOfMeasurePrice>
      <AllowDiscount>0</AllowDiscount>
      <itemStatus>1</itemStatus>
      <LastUpdateDate />
      <LastUpdateTime />
    </Product>
    <Product>
      <PriceUpdateDate>2018/02/19 14:49</PriceUpdateDate>
      <ItemCode>7290016372342</ItemCode>
      <ItemType>1</ItemType>
      <ItemName>עגבניות תחוכות לקוביות 400גר*3יח</ItemName>
      <ManufactureName>תה ויסוצקי (ישראל)בעמ</ManufactureName>
      <ManufactureCountry />
      <ManufactureItemDescription />
      <UnitQty>י"ח</UnitQty>
      <Quantity>400</Quantity>
      <UnitMeasure>ל  גרם</UnitMeasure>
      <BisWeighted>0</BisWeighted>
      <QtyInPackage>1</QtyInPackage>
      <ItemPrice>17.90</ItemPrice>
      <UnitOfMeasurePrice>4.48</UnitOfMeasurePrice>
      <AllowDiscount>1</AllowDiscount>
      <itemStatus>1</itemStatus>
      <LastUpdateDate />
      <LastUpdateTime />
    </Product>
    <Product>
      <PriceUpdateDate>2019/11/17 09:05</PriceUpdateDate>
      <ItemCode>7290016372373</ItemCode>
      <ItemType>1</ItemType>
      <ItemName>רסק עגבניות 135גר*2יח</ItemName>
      <ManufactureName>תה ויסוצקי (ישראל)בעמ</ManufactureName>
      <ManufactureCountry />
      <ManufactureItemDescription />
      <UnitQty>י"ח</UnitQty>
      <Quantity>270</Quantity>
      <UnitMeasure>ל  גרם</UnitMeasure>
      <BisWeighted>0</BisWeighted>
      <QtyInPackage>1</QtyInPackage>
      <ItemPrice>5.90</ItemPrice>
      <UnitOfMeasurePrice>2.19</UnitOfMeasurePrice>
      <AllowDiscount>1</AllowDiscount>
      <itemStatus>1</itemStatus>
      <LastUpdateDate />
      <LastUpdateTime />
    </Product>
    <Product>
      <PriceUpdateDate>2017/10/09 16:05</PriceUpdateDate>
      <ItemCode>7290016372458</ItemCode>
      <ItemType>1</ItemType>
      <ItemName>תה לימונית ולואיזה 50 הגן הקסום</ItemName>
      <ManufactureName>תה ויסוצקי (ישראל)בעמ</ManufactureName>
      <ManufactureCountry />
      <ManufactureItemDescription />
      <UnitQty>י"ח</UnitQty>
      <Quantity>75</Quantity>
      <UnitMeasure>ל  גרם</UnitMeasure>
      <BisWeighted>0</BisWeighted>
      <QtyInPackage>1</QtyInPackage>
      <ItemPrice>33.70</ItemPrice>
      <UnitOfMeasurePrice>44.93</UnitOfMeasurePrice>
      <AllowDiscount>0</AllowDiscount>
      <itemStatus>1</itemStatus>
      <LastUpdateDate />
      <LastUpdateTime />
    </Product>
    <Product>
      <PriceUpdateDate>2016/09/26 09:38</PriceUpdateDate>
      <ItemCode>7290016400007</ItemCode>
      <ItemType>1</ItemType>
      <ItemName>תבניות ארוז 105 R31 עשירייה  שווה</ItemName>
      <ManufactureName>ח.כהן סוכנות מזון ומשקאות בע</ManufactureName>
      <ManufactureCountry />
      <ManufactureItemDescription />
      <UnitQty>י"ח</UnitQty>
      <Quantity>20</Quantity>
      <UnitMeasure>י"ח</UnitMeasure>
      <BisWeighted>0</BisWeighted>
      <QtyInPackage>1</QtyInPackage>
      <ItemPrice>8.90</ItemPrice>
      <UnitOfMeasurePrice>0.45</UnitOfMeasurePrice>
      <AllowDiscount>1</AllowDiscount>
      <itemStatus>1</itemStatus>
      <LastUpdateDate />
      <LastUpdateTime />
    </Product>
    <Product>
      <PriceUpdateDate>2016/09/26 09:39</PriceUpdateDate>
      <ItemCode>7290016400014</ItemCode>
      <ItemType>1</ItemType>
      <ItemName>תבניות ארוז 90 R2 עשיריה שווה</ItemName>
      <ManufactureName>ח.כהן סוכנות מזון ומשקאות בע</ManufactureName>
      <ManufactureCountry />
      <ManufactureItemDescription />
      <UnitQty>י"ח</UnitQty>
      <Quantity>20</Quantity>
      <UnitMeasure>י"ח</UnitMeasure>
      <BisWeighted>0</BisWeighted>
      <QtyInPackage>1</QtyInPackage>
      <ItemPrice>8.90</ItemPrice>
      <UnitOfMeasurePrice>0.45</UnitOfMeasurePrice>
      <AllowDiscount>1</AllowDiscount>
      <itemStatus>1</itemStatus>
      <LastUpdateDate />
      <LastUpdateTime />
    </Product>
    <Product>
      <PriceUpdateDate>2016/09/26 09:40</PriceUpdateDate>
      <ItemCode>7290016400021</ItemCode>
      <ItemType>1</ItemType>
      <ItemName>תבניות ארוז  (R64)80 עשירייה A שווה</ItemName>
      <ManufactureName>ח.כהן סוכנות מזון ומשקאות בע</ManufactureName>
      <ManufactureCountry />
      <ManufactureItemDescription />
      <UnitQty>י"ח</UnitQty>
      <Quantity>20</Quantity>
      <UnitMeasure>י"ח</UnitMeasure>
      <BisWeighted>0</BisWeighted>
      <QtyInPackage>1</QtyInPackage>
      <ItemPrice>8.90</ItemPrice>
      <UnitOfMeasurePrice>0.45</UnitOfMeasurePrice>
      <AllowDiscount>1</AllowDiscount>
      <itemStatus>1</itemStatus>
      <LastUpdateDate />
      <LastUpdateTime />
    </Product>
    <Product>
      <PriceUpdateDate>2016/09/26 09:39</PriceUpdateDate>
      <ItemCode>7290016400045</ItemCode>
      <ItemType>1</ItemType>
      <ItemName>תבניות ארוז אינגליש *15 שווה</ItemName>
      <ManufactureName>ח.כהן סוכנות מזון ומשקאות בע</ManufactureName>
      <ManufactureCountry />
      <ManufactureItemDescription />
      <UnitQty>י"ח</UnitQty>
      <Quantity>20</Quantity>
      <UnitMeasure>י"ח</UnitMeasure>
      <BisWeighted>0</BisWeighted>
      <QtyInPackage>1</QtyInPackage>
      <ItemPrice>8.90</ItemPrice>
      <UnitOfMeasurePrice>0.45</UnitOfMeasurePrice>
      <AllowDiscount>1</AllowDiscount>
      <itemStatus>1</itemStatus>
      <LastUpdateDate />
      <LastUpdateTime />
    </Product>
    <Product>
      <PriceUpdateDate>2016/09/26 09:41</PriceUpdateDate>
      <ItemCode>7290016400052</ItemCode>
      <ItemType>1</ItemType>
      <ItemName>תבניות ארוז טוסטר *15 (R29-8B)שווה</ItemName>
      <ManufactureName>ח.כהן סוכנות מזון ומשקאות בע</ManufactureName>
      <ManufactureCountry />
      <ManufactureItemDescription />
      <UnitQty>י"ח</UnitQty>
      <Quantity>20</Quantity>
      <UnitMeasure>י"ח</UnitMeasure>
      <BisWeighted>0</BisWeighted>
      <QtyInPackage>1</QtyInPackage>
      <ItemPrice>8.90</ItemPrice>
      <UnitOfMeasurePrice>0.45</UnitOfMeasurePrice>
      <AllowDiscount>1</AllowDiscount>
      <itemStatus>1</itemStatus>
      <LastUpdateDate />
      <LastUpdateTime />
    </Product>
    <Product>
      <PriceUpdateDate>2016/09/26 09:42</PriceUpdateDate>
      <ItemCode>7290016400069</ItemCode>
      <ItemType>1</ItemType>
      <ItemName>תבניות ארוז עגול עמוק(ב 60) שווה</ItemName>
      <ManufactureName>ח.כהן סוכנות מזון ומשקאות בע</ManufactureName>
      <ManufactureCountry />
      <ManufactureItemDescription />
      <UnitQty>י"ח</UnitQty>
      <Quantity>20</Quantity>
      <UnitMeasure>י"ח</UnitMeasure>
      <BisWeighted>0</BisWeighted>
      <QtyInPackage>1</QtyInPackage>
      <ItemPrice>8.90</ItemPrice>
      <UnitOfMeasurePrice>0.45</UnitOfMeasurePrice>
      <AllowDiscount>1</AllowDiscount>
      <itemStatus>1</itemStatus>
      <LastUpdateDate />
      <LastUpdateTime />
    </Product>
    <Product>
      <PriceUpdateDate>2017/02/28 09:44</PriceUpdateDate>
      <ItemCode>7290016400274</ItemCode>
      <ItemType>1</ItemType>
      <ItemName>שיפודים קצרים 70יח שווה</ItemName>
      <ManufactureName>ח.כהן סוכנות מזון ומשקאות בע</ManufactureName>
      <ManufactureCountry />
      <ManufactureItemDescription />
      <UnitQty>י"ח</UnitQty>
      <Quantity>70</Quantity>
      <UnitMeasure>י"ח</UnitMeasure>
      <BisWeighted>0</BisWeighted>
      <QtyInPackage>1</QtyInPackage>
      <ItemPrice>1.90</ItemPrice>
      <UnitOfMeasurePrice>0.03</UnitOfMeasurePrice>
      <AllowDiscount>1</AllowDiscount>
      <itemStatus>1</itemStatus>
      <LastUpdateDate />
      <LastUpdateTime />
    </Product>
    <Product>
      <PriceUpdateDate>2017/02/28 09:45</PriceUpdateDate>
      <ItemCode>7290016400281</ItemCode>
      <ItemType>1</ItemType>
      <ItemName>שיפודים 70יח שווה</ItemName>
      <ManufactureName>ח.כהן סוכנות מזון ומשקאות בע</ManufactureName>
      <ManufactureCountry />
      <ManufactureItemDescription />
      <UnitQty>י"ח</UnitQty>
      <Quantity>70</Quantity>
      <UnitMeasure>י"ח</UnitMeasure>
      <BisWeighted>0</BisWeighted>
      <QtyInPackage>1</QtyInPackage>
      <ItemPrice>2.90</ItemPrice>
      <UnitOfMeasurePrice>0.04</UnitOfMeasurePrice>
      <AllowDiscount>1</AllowDiscount>
      <itemStatus>1</itemStatus>
      <LastUpdateDate />
      <LastUpdateTime />
    </Product>
    <Product>
      <PriceUpdateDate>2017/12/04 14:17</PriceUpdateDate>
      <ItemCode>7290016400328</ItemCode>
      <ItemType>1</ItemType>
      <ItemName>קיסמי שיניים חבת 500יח שווה</ItemName>
      <ManufactureName>ח.כהן סוכנות מזון ומשקאות בע</ManufactureName>
      <ManufactureCountry />
      <ManufactureItemDescription />
      <UnitQty>י"ח</UnitQty>
      <Quantity>1</Quantity>
      <UnitMeasure />
      <BisWeighted>0</BisWeighted>
      <QtyInPackage>1</QtyInPackage>
      <ItemPrice>3.90</ItemPrice>
      <UnitOfMeasurePrice>3.90</UnitOfMeasurePrice>
      <AllowDiscount>0</AllowDiscount>
      <itemStatus>1</itemStatus>
      <LastUpdateDate />
      <LastUpdateTime />
    </Product>
    <Product>
      <PriceUpdateDate>2017/12/19 12:44</PriceUpdateDate>
      <ItemCode>7290016400434</ItemCode>
      <ItemType>1</ItemType>
      <ItemName>אשפתון גופיה 75/90 חזק אפור 25יח שווה</ItemName>
      <ManufactureName>ח.כהן סוכנות מזון ומשקאות בע</ManufactureName>
      <ManufactureCountry />
      <ManufactureItemDescription />
      <UnitQty>י"ח</UnitQty>
      <Quantity>25</Quantity>
      <UnitMeasure>י"ח</UnitMeasure>
      <BisWeighted>0</BisWeighted>
      <QtyInPackage>1</QtyInPackage>
      <ItemPrice>13.90</ItemPrice>
      <UnitOfMeasurePrice>0.56</UnitOfMeasurePrice>
      <AllowDiscount>1</AllowDiscount>
      <itemStatus>1</itemStatus>
      <LastUpdateDate />
      <LastUpdateTime />
    </Product>
    <Product>
      <PriceUpdateDate>2016/11/16 12:40</PriceUpdateDate>
      <ItemCode>7290016400458</ItemCode>
      <ItemType>1</ItemType>
      <ItemName>מפת גליל 45 מטר  שווה</ItemName>
      <ManufactureName>ח.כהן סוכנות מזון ומשקאות בע</ManufactureName>
      <ManufactureCountry />
      <ManufactureItemDescription />
      <UnitQty>י"ח</UnitQty>
      <Quantity>45</Quantity>
      <UnitMeasure>מטר</UnitMeasure>
      <BisWeighted>0</BisWeighted>
      <QtyInPackage>1</QtyInPackage>
      <ItemPrice>19.90</ItemPrice>
      <UnitOfMeasurePrice>0.44</UnitOfMeasurePrice>
      <AllowDiscount>1</AllowDiscount>
      <itemStatus>1</itemStatus>
      <LastUpdateDate />
      <LastUpdateTime />
    </Product>
    <Product>
      <PriceUpdateDate>2017/01/23 13:14</PriceUpdateDate>
      <ItemCode>7290016400502</ItemCode>
      <ItemType>1</ItemType>
      <ItemName>גפרורים 10 חדש שווה</ItemName>
      <ManufactureName>ח.כהן סוכנות מזון ומשקאות בע</ManufactureName>
      <ManufactureCountry />
      <ManufactureItemDescription />
      <UnitQty>י"ח</UnitQty>
      <Quantity>10</Quantity>
      <UnitMeasure>י"ח</UnitMeasure>
      <BisWeighted>0</BisWeighted>
      <QtyInPackage>1</QtyInPackage>
      <ItemPrice>4</ItemPrice>
      <UnitOfMeasurePrice>0.40</UnitOfMeasurePrice>
      <AllowDiscount>1</AllowDiscount>
      <itemStatus>1</itemStatus>
      <LastUpdateDate />
      <LastUpdateTime />
    </Product>
    <Product>
      <PriceUpdateDate>2017/01/23 13:29</PriceUpdateDate>
      <ItemCode>7290016400557</ItemCode>
      <ItemType>1</ItemType>
      <ItemName>קינוחיות טרפז מפותל 20יח  "שווה"</ItemName>
      <ManufactureName>ח.כהן סוכנות מזון ומשקאות בע</ManufactureName>
      <ManufactureCountry />
      <ManufactureItemDescription />
      <UnitQty>י"ח</UnitQty>
      <Quantity>20</Quantity>
      <UnitMeasure>י"ח</UnitMeasure>
      <BisWeighted>0</BisWeighted>
      <QtyInPackage>1</QtyInPackage>
      <ItemPrice>7.90</ItemPrice>
      <UnitOfMeasurePrice>0.40</UnitOfMeasurePrice>
      <AllowDiscount>1</AllowDiscount>
      <itemStatus>1</itemStatus>
      <LastUpdateDate />
      <LastUpdateTime />
    </Product>
    <Product>
      <PriceUpdateDate>2017/05/14 13:15</PriceUpdateDate>
      <ItemCode>7290016400588</ItemCode>
      <ItemType>1</ItemType>
      <ItemName>קינוחיות מרובע+מכסה 12יח  "שווה"</ItemName>
      <ManufactureName>ח.כהן סוכנות מזון ומשקאות בע</ManufactureName>
      <ManufactureCountry />
      <ManufactureItemDescription />
      <UnitQty>י"ח</UnitQty>
      <Quantity>12</Quantity>
      <UnitMeasure>י"ח</UnitMeasure>
      <BisWeighted>0</BisWeighted>
      <QtyInPackage>1</QtyInPackage>
      <ItemPrice>9.90</ItemPrice>
      <UnitOfMeasurePrice>0.83</UnitOfMeasurePrice>
      <AllowDiscount>1</AllowDiscount>
      <itemStatus>1</itemStatus>
      <LastUpdateDate />
      <LastUpdateTime />
    </Product>
    <Product>
      <PriceUpdateDate>2017/02/28 10:24</PriceUpdateDate>
      <ItemCode>7290016400724</ItemCode>
      <ItemType>1</ItemType>
      <ItemName>שיפודים עבים במיוחד 50יח שווה</ItemName>
      <ManufactureName>ח.כהן סוכנות מזון ומשקאות בע</ManufactureName>
      <ManufactureCountry />
      <ManufactureItemDescription />
      <UnitQty>י"ח</UnitQty>
      <Quantity>70</Quantity>
      <UnitMeasure>י"ח</UnitMeasure>
      <BisWeighted>0</BisWeighted>
      <QtyInPackage>1</QtyInPackage>
      <ItemPrice>2.90</ItemPrice>
      <UnitOfMeasurePrice>0.04</UnitOfMeasurePrice>
      <AllowDiscount>1</AllowDiscount>
      <itemStatus>1</itemStatus>
      <LastUpdateDate />
      <LastUpdateTime />
    </Product>
    <Product>
      <PriceUpdateDate>2019/12/18 10:38</PriceUpdateDate>
      <ItemCode>7290016400885</ItemCode>
      <ItemType>1</ItemType>
      <ItemName>שמן קנולה 3ל שווה</ItemName>
      <ManufactureName>ח.כהן סוכנות מזון ומשקאות בע</ManufactureName>
      <ManufactureCountry />
      <ManufactureItemDescription />
      <UnitQty>י"ח</UnitQty>
      <Quantity>3</Quantity>
      <UnitMeasure>ליטר</UnitMeasure>
      <BisWeighted>0</BisWeighted>
      <QtyInPackage>1</QtyInPackage>
      <ItemPrice>21.90</ItemPrice>
      <UnitOfMeasurePrice>7.30</UnitOfMeasurePrice>
      <AllowDiscount>0</AllowDiscount>
      <itemStatus>1</itemStatus>
      <LastUpdateDate />
      <LastUpdateTime />
    </Product>
    <Product>
      <PriceUpdateDate>2020/04/27 08:18</PriceUpdateDate>
      <ItemCode>7290016401103</ItemCode>
      <ItemType>1</ItemType>
      <ItemName>טורטיה ענקית 30 ס``מ 6  יח`שווה</ItemName>
      <ManufactureName>ח.כהן סוכנות מזון ומשקאות בע</ManufactureName>
      <ManufactureCountry />
      <ManufactureItemDescription />
      <UnitQty>י"ח</UnitQty>
      <Quantity>540</Quantity>
      <UnitMeasure>ל  גרם</UnitMeasure>
      <BisWeighted>0</BisWeighted>
      <QtyInPackage>1</QtyInPackage>
      <ItemPrice>11.90</ItemPrice>
      <UnitOfMeasurePrice>2.20</UnitOfMeasurePrice>
      <AllowDiscount>0</AllowDiscount>
      <itemStatus>1</itemStatus>
      <LastUpdateDate />
      <LastUpdateTime />
    </Product>
    <Product>
      <PriceUpdateDate>2018/06/04 17:34</PriceUpdateDate>
      <ItemCode>7290016401141</ItemCode>
      <ItemType>1</ItemType>
      <ItemName>טורטיה תירס 1/8 320ג שווה</ItemName>
      <ManufactureName>ח.כהן סוכנות מזון ומשקאות בע</ManufactureName>
      <ManufactureCountry />
      <ManufactureItemDescription />
      <UnitQty>י"ח</UnitQty>
      <Quantity>320</Quantity>
      <UnitMeasure>ל  גרם</UnitMeasure>
      <BisWeighted>0</BisWeighted>
      <QtyInPackage>1</QtyInPackage>
      <ItemPrice>10.90</ItemPrice>
      <UnitOfMeasurePrice>3.41</UnitOfMeasurePrice>
      <AllowDiscount>0</AllowDiscount>
      <itemStatus>1</itemStatus>
      <LastUpdateDate />
      <LastUpdateTime />
    </Product>
    <Product>
      <PriceUpdateDate>2017/07/27 14:16</PriceUpdateDate>
      <ItemCode>7290016401172</ItemCode>
      <ItemType>1</ItemType>
      <ItemName>נודלס דקות 400ג שווה</ItemName>
      <ManufactureName>ח.כהן סוכנות מזון ומשקאות בע</ManufactureName>
      <ManufactureCountry />
      <ManufactureItemDescription />
      <UnitQty>י"ח</UnitQty>
      <Quantity>400</Quantity>
      <UnitMeasure>ל  גרם</UnitMeasure>
      <BisWeighted>0</BisWeighted>
      <QtyInPackage>1</QtyInPackage>
      <ItemPrice>5.90</ItemPrice>
      <UnitOfMeasurePrice>1.48</UnitOfMeasurePrice>
      <AllowDiscount>1</AllowDiscount>
      <itemStatus>1</itemStatus>
      <LastUpdateDate />
      <LastUpdateTime />
    </Product>
    <Product>
      <PriceUpdateDate>2017/07/27 14:16</PriceUpdateDate>
      <ItemCode>7290016401189</ItemCode>
      <ItemType>1</ItemType>
      <ItemName>נודלס רחבות 400ג שווה</ItemName>
      <ManufactureName>ח.כהן סוכנות מזון ומשקאות בע</ManufactureName>
      <ManufactureCountry />
      <ManufactureItemDescription />
      <UnitQty>י"ח</UnitQty>
      <Quantity>400</Quantity>
      <UnitMeasure>ל  גרם</UnitMeasure>
      <BisWeighted>0</BisWeighted>
      <QtyInPackage>1</QtyInPackage>
      <ItemPrice>5.90</ItemPrice>
      <UnitOfMeasurePrice>1.48</UnitOfMeasurePrice>
      <AllowDiscount>1</AllowDiscount>
      <itemStatus>1</itemStatus>
      <LastUpdateDate />
      <LastUpdateTime />
    </Product>
    <Product>
      <PriceUpdateDate>2017/05/14 13:23</PriceUpdateDate>
      <ItemCode>7290016401240</ItemCode>
      <ItemType>1</ItemType>
      <ItemName>נוזל קוקוס 400מ"ל 5-7% שווה</ItemName>
      <ManufactureName>ח.כהן סוכנות מזון ומשקאות בע</ManufactureName>
      <ManufactureCountry />
      <ManufactureItemDescription />
      <UnitQty>י"ח</UnitQty>
      <Quantity>400</Quantity>
      <UnitMeasure>ל  מ"ל</UnitMeasure>
      <BisWeighted>0</BisWeighted>
      <QtyInPackage>1</QtyInPackage>
      <ItemPrice>4.90</ItemPrice>
      <UnitOfMeasurePrice>1.23</UnitOfMeasurePrice>
      <AllowDiscount>1</AllowDiscount>
      <itemStatus>1</itemStatus>
      <LastUpdateDate />
      <LastUpdateTime />
    </Product>
    <Product>
      <PriceUpdateDate>2019/12/17 10:20</PriceUpdateDate>
      <ItemCode>7290016401295</ItemCode>
      <ItemType>1</ItemType>
      <ItemName>רוטב צילי מתוק 700מ"ל שווה</ItemName>
      <ManufactureName>ח.כהן סוכנות מזון ומשקאות בע</ManufactureName>
      <ManufactureCountry />
      <ManufactureItemDescription />
      <UnitQty>י"ח</UnitQty>
      <Quantity>700</Quantity>
      <UnitMeasure>ל  מ"ל</UnitMeasure>
      <BisWeighted>0</BisWeighted>
      <QtyInPackage>1</QtyInPackage>
      <ItemPrice>8.90</ItemPrice>
      <UnitOfMeasurePrice>1.27</UnitOfMeasurePrice>
      <AllowDiscount>0</AllowDiscount>
      <itemStatus>1</itemStatus>
      <LastUpdateDate />
      <LastUpdateTime />
    </Product>
    <Product>
      <PriceUpdateDate>2020/04/27 08:18</PriceUpdateDate>
      <ItemCode>7290016401318</ItemCode>
      <ItemType>1</ItemType>
      <ItemName>רוטב חמוץ מתוק 500 מ``ל שווה</ItemName>
      <ManufactureName>ח.כהן סוכנות מזון ומשקאות בע</ManufactureName>
      <ManufactureCountry />
      <ManufactureItemDescription />
      <UnitQty>י"ח</UnitQty>
      <Quantity>500</Quantity>
      <UnitMeasure>ל  מ"ל</UnitMeasure>
      <BisWeighted>0</BisWeighted>
      <QtyInPackage>1</QtyInPackage>
      <ItemPrice>8.90</ItemPrice>
      <UnitOfMeasurePrice>1.78</UnitOfMeasurePrice>
      <AllowDiscount>0</AllowDiscount>
      <itemStatus>1</itemStatus>
      <LastUpdateDate />
      <LastUpdateTime />
    </Product>
    <Product>
      <PriceUpdateDate>2018/02/22 11:10</PriceUpdateDate>
      <ItemCode>7290016401400</ItemCode>
      <ItemType>1</ItemType>
      <ItemName>פטריות  שלמות  400ג  שווה</ItemName>
      <ManufactureName>ח.כהן סוכנות מזון ומשקאות בע</ManufactureName>
      <ManufactureCountry />
      <ManufactureItemDescription />
      <UnitQty>י"ח</UnitQty>
      <Quantity>400</Quantity>
      <UnitMeasure>ל  גרם</UnitMeasure>
      <BisWeighted>0</BisWeighted>
      <QtyInPackage>1</QtyInPackage>
      <ItemPrice>6.90</ItemPrice>
      <UnitOfMeasurePrice>1.73</UnitOfMeasurePrice>
      <AllowDiscount>0</AllowDiscount>
      <itemStatus>1</itemStatus>
      <LastUpdateDate />
      <LastUpdateTime />
    </Product>
    <Product>
      <PriceUpdateDate>2017/12/20 11:45</PriceUpdateDate>
      <ItemCode>7290016401424</ItemCode>
      <ItemType>1</ItemType>
      <ItemName>אפרסקים 820ג שווה</ItemName>
      <ManufactureName>ח.כהן סוכנות מזון ומשקאות בע</ManufactureName>
      <ManufactureCountry />
      <ManufactureItemDescription />
      <UnitQty>י"ח</UnitQty>
      <Quantity>820</Quantity>
      <UnitMeasure>ל  גרם</UnitMeasure>
      <BisWeighted>0</BisWeighted>
      <QtyInPackage>1</QtyInPackage>
      <ItemPrice>6.90</ItemPrice>
      <UnitOfMeasurePrice>0.84</UnitOfMeasurePrice>
      <AllowDiscount>0</AllowDiscount>
      <itemStatus>1</itemStatus>
      <LastUpdateDate />
      <LastUpdateTime />
    </Product>
    <Product>
      <PriceUpdateDate>2017/09/24 16:32</PriceUpdateDate>
      <ItemCode>7290016401714</ItemCode>
      <ItemType>1</ItemType>
      <ItemName>קש שחור עבה 125יח שווה</ItemName>
      <ManufactureName>ח.כהן סוכנות מזון ומשקאות בע</ManufactureName>
      <ManufactureCountry />
      <ManufactureItemDescription />
      <UnitQty>י"ח</UnitQty>
      <Quantity>125</Quantity>
      <UnitMeasure>י"ח</UnitMeasure>
      <BisWeighted>0</BisWeighted>
      <QtyInPackage>1</QtyInPackage>
      <ItemPrice>5.90</ItemPrice>
      <UnitOfMeasurePrice>0.05</UnitOfMeasurePrice>
      <AllowDiscount>1</AllowDiscount>
      <itemStatus>1</itemStatus>
      <LastUpdateDate />
      <LastUpdateTime />
    </Product>
    <Product>
      <PriceUpdateDate>2017/09/24 16:31</PriceUpdateDate>
      <ItemCode>7290016401721</ItemCode>
      <ItemType>1</ItemType>
      <ItemName>קשיות מתקפלות 200יח שווה</ItemName>
      <ManufactureName>ח.כהן סוכנות מזון ומשקאות בע</ManufactureName>
      <ManufactureCountry />
      <ManufactureItemDescription />
      <UnitQty>י"ח</UnitQty>
      <Quantity>200</Quantity>
      <UnitMeasure>י"ח</UnitMeasure>
      <BisWeighted>0</BisWeighted>
      <QtyInPackage>1</QtyInPackage>
      <ItemPrice>6.90</ItemPrice>
      <UnitOfMeasurePrice>0.03</UnitOfMeasurePrice>
      <AllowDiscount>0</AllowDiscount>
      <itemStatus>1</itemStatus>
      <LastUpdateDate />
      <LastUpdateTime />
    </Product>
    <Product>
      <PriceUpdateDate>2018/10/18 17:06</PriceUpdateDate>
      <ItemCode>7290016401998</ItemCode>
      <ItemType>1</ItemType>
      <ItemName>נר נשמה 26 שעות  זכוכית"שווה"</ItemName>
      <ManufactureName>ח.כהן סוכנות מזון ומשקאות בע</ManufactureName>
      <ManufactureCountry />
      <ManufactureItemDescription />
      <UnitQty>י"ח</UnitQty>
      <Quantity>1</Quantity>
      <UnitMeasure />
      <BisWeighted>0</BisWeighted>
      <QtyInPackage>1</QtyInPackage>
      <ItemPrice>1.90</ItemPrice>
      <UnitOfMeasurePrice>1.90</UnitOfMeasurePrice>
      <AllowDiscount>0</AllowDiscount>
      <itemStatus>1</itemStatus>
      <LastUpdateDate />
      <LastUpdateTime />
    </Product>
    <Product>
      <PriceUpdateDate>2018/06/11 13:07</PriceUpdateDate>
      <ItemCode>7290016416961</ItemCode>
      <ItemType>1</ItemType>
      <ItemName>מוס גבינה תות שדה  400ג</ItemName>
      <ManufactureName>קפולסקי אדל בעמ</ManufactureName>
      <ManufactureCountry />
      <ManufactureItemDescription />
      <UnitQty>י"ח</UnitQty>
      <Quantity>400</Quantity>
      <UnitMeasure>ל  גרם</UnitMeasure>
      <BisWeighted>0</BisWeighted>
      <QtyInPackage>1</QtyInPackage>
      <ItemPrice>36.90</ItemPrice>
      <UnitOfMeasurePrice>9.23</UnitOfMeasurePrice>
      <AllowDiscount>0</AllowDiscount>
      <itemStatus>1</itemStatus>
      <LastUpdateDate />
      <LastUpdateTime />
    </Product>
    <Product>
      <PriceUpdateDate>2017/04/06 10:17</PriceUpdateDate>
      <ItemCode>7290016437652</ItemCode>
      <ItemType>1</ItemType>
      <ItemName>האגיס פנס מידה  -266יח</ItemName>
      <ManufactureName>קימברלי קלארק ישראל שיווק בעמ</ManufactureName>
      <ManufactureCountry />
      <ManufactureItemDescription />
      <UnitQty>י"ח</UnitQty>
      <Quantity>1</Quantity>
      <UnitMeasure>י"ח</UnitMeasure>
      <BisWeighted>0</BisWeighted>
      <QtyInPackage>1</QtyInPackage>
      <ItemPrice>44.90</ItemPrice>
      <UnitOfMeasurePrice>44.90</UnitOfMeasurePrice>
      <AllowDiscount>0</AllowDiscount>
      <itemStatus>1</itemStatus>
      <LastUpdateDate />
      <LastUpdateTime />
    </Product>
    <Product>
      <PriceUpdateDate>2019/11/17 09:19</PriceUpdateDate>
      <ItemCode>7290016509304</ItemCode>
      <ItemType>1</ItemType>
      <ItemName>סוד סבון אסלה 4 כדוריות לבנדר</ItemName>
      <ManufactureName>גורי שיווק בעמ</ManufactureName>
      <ManufactureCountry />
      <ManufactureItemDescription />
      <UnitQty>י"ח</UnitQty>
      <Quantity>4</Quantity>
      <UnitMeasure>י"ח</UnitMeasure>
      <BisWeighted>0</BisWeighted>
      <QtyInPackage>1</QtyInPackage>
      <ItemPrice>8.90</ItemPrice>
      <UnitOfMeasurePrice>2.23</UnitOfMeasurePrice>
      <AllowDiscount>0</AllowDiscount>
      <itemStatus>1</itemStatus>
      <LastUpdateDate />
      <LastUpdateTime />
    </Product>
    <Product>
      <PriceUpdateDate>2018/06/19 11:40</PriceUpdateDate>
      <ItemCode>7290016509786</ItemCode>
      <ItemType>1</ItemType>
      <ItemName>פרסיל ג ל ירוק  2.5ליטר</ItemName>
      <ManufactureName>גורי שיווק בעמ</ManufactureName>
      <ManufactureCountry />
      <ManufactureItemDescription />
      <UnitQty>י"ח</UnitQty>
      <Quantity>2.50</Quantity>
      <UnitMeasure>ליטר</UnitMeasure>
      <BisWeighted>0</BisWeighted>
      <QtyInPackage>1</QtyInPackage>
      <ItemPrice>32.90</ItemPrice>
      <UnitOfMeasurePrice>13.16</UnitOfMeasurePrice>
      <AllowDiscount>1</AllowDiscount>
      <itemStatus>1</itemStatus>
      <LastUpdateDate />
      <LastUpdateTime />
    </Product>
    <Product>
      <PriceUpdateDate>2018/07/03 14:23</PriceUpdateDate>
      <ItemCode>7290016510225</ItemCode>
      <ItemType>1</ItemType>
      <ItemName>הוואי תחליב רחצה 700 מ"ל וניל דבש</ItemName>
      <ManufactureName>הנקל סוד בעמ</ManufactureName>
      <ManufactureCountry />
      <ManufactureItemDescription />
      <UnitQty>י"ח</UnitQty>
      <Quantity>750</Quantity>
      <UnitMeasure>ל  מ"ל</UnitMeasure>
      <BisWeighted>0</BisWeighted>
      <QtyInPackage>1</QtyInPackage>
      <ItemPrice>10.90</ItemPrice>
      <UnitOfMeasurePrice>1.45</UnitOfMeasurePrice>
      <AllowDiscount>1</AllowDiscount>
      <itemStatus>1</itemStatus>
      <LastUpdateDate />
      <LastUpdateTime />
    </Product>
    <Product>
      <PriceUpdateDate>2018/07/03 14:24</PriceUpdateDate>
      <ItemCode>7290016510287</ItemCode>
      <ItemType>1</ItemType>
      <ItemName>הוואי תחליב רחצה 700 מ"ל קרם דבש</ItemName>
      <ManufactureName>הנקל סוד בעמ</ManufactureName>
      <ManufactureCountry />
      <ManufactureItemDescription />
      <UnitQty>י"ח</UnitQty>
      <Quantity>750</Quantity>
      <UnitMeasure>ל  מ"ל</UnitMeasure>
      <BisWeighted>0</BisWeighted>
      <QtyInPackage>1</QtyInPackage>
      <ItemPrice>10.90</ItemPrice>
      <UnitOfMeasurePrice>1.45</UnitOfMeasurePrice>
      <AllowDiscount>1</AllowDiscount>
      <itemStatus>1</itemStatus>
      <LastUpdateDate />
      <LastUpdateTime />
    </Product>
    <Product>
      <PriceUpdateDate>2018/07/03 14:26</PriceUpdateDate>
      <ItemCode>7290016510317</ItemCode>
      <ItemType>1</ItemType>
      <ItemName>הוואי תחליב רחצה 700 מ"ל לגבר</ItemName>
      <ManufactureName>הנקל סוד בעמ</ManufactureName>
      <ManufactureCountry />
      <ManufactureItemDescription />
      <UnitQty>י"ח</UnitQty>
      <Quantity>750</Quantity>
      <UnitMeasure>ל  מ"ל</UnitMeasure>
      <BisWeighted>0</BisWeighted>
      <QtyInPackage>1</QtyInPackage>
      <ItemPrice>10.90</ItemPrice>
      <UnitOfMeasurePrice>1.45</UnitOfMeasurePrice>
      <AllowDiscount>1</AllowDiscount>
      <itemStatus>1</itemStatus>
      <LastUpdateDate />
      <LastUpdateTime />
    </Product>
    <Product>
      <PriceUpdateDate>2018/07/03 14:26</PriceUpdateDate>
      <ItemCode>7290016510324</ItemCode>
      <ItemType>1</ItemType>
      <ItemName>הוואי תחליב רחצה 700 מ"ל לגבר</ItemName>
      <ManufactureName>הנקל סוד בעמ</ManufactureName>
      <ManufactureCountry />
      <ManufactureItemDescription />
      <UnitQty>י"ח</UnitQty>
      <Quantity>750</Quantity>
      <UnitMeasure>ל  מ"ל</UnitMeasure>
      <BisWeighted>0</BisWeighted>
      <QtyInPackage>1</QtyInPackage>
      <ItemPrice>10.90</ItemPrice>
      <UnitOfMeasurePrice>1.45</UnitOfMeasurePrice>
      <AllowDiscount>1</AllowDiscount>
      <itemStatus>1</itemStatus>
      <LastUpdateDate />
      <LastUpdateTime />
    </Product>
    <Product>
      <PriceUpdateDate>2018/07/03 14:26</PriceUpdateDate>
      <ItemCode>7290016510430</ItemCode>
      <ItemType>1</ItemType>
      <ItemName>הוואי תחליב רחצה 700 מ"ל מגנוליה עם שמן</ItemName>
      <ManufactureName>הנקל סוד בעמ</ManufactureName>
      <ManufactureCountry />
      <ManufactureItemDescription />
      <UnitQty>י"ח</UnitQty>
      <Quantity>750</Quantity>
      <UnitMeasure>ל  מ"ל</UnitMeasure>
      <BisWeighted>0</BisWeighted>
      <QtyInPackage>1</QtyInPackage>
      <ItemPrice>10.90</ItemPrice>
      <UnitOfMeasurePrice>1.45</UnitOfMeasurePrice>
      <AllowDiscount>1</AllowDiscount>
      <itemStatus>1</itemStatus>
      <LastUpdateDate />
      <LastUpdateTime />
    </Product>
    <Product>
      <PriceUpdateDate>2019/02/12 12:51</PriceUpdateDate>
      <ItemCode>7290016510768</ItemCode>
      <ItemType>1</ItemType>
      <ItemName>הוואי תחליב רחצה 700 מ"ל יוגורט אוכמניות</ItemName>
      <ManufactureName>הנקל סוד בעמ</ManufactureName>
      <ManufactureCountry />
      <ManufactureItemDescription />
      <UnitQty>י"ח</UnitQty>
      <Quantity>750</Quantity>
      <UnitMeasure>ל  מ"ל</UnitMeasure>
      <BisWeighted>0</BisWeighted>
      <QtyInPackage>1</QtyInPackage>
      <ItemPrice>10.90</ItemPrice>
      <UnitOfMeasurePrice>1.45</UnitOfMeasurePrice>
      <AllowDiscount>1</AllowDiscount>
      <itemStatus>1</itemStatus>
      <LastUpdateDate />
      <LastUpdateTime />
    </Product>
    <Product>
      <PriceUpdateDate>2020/01/20 09:42</PriceUpdateDate>
      <ItemCode>7290016510850</ItemCode>
      <ItemType>1</ItemType>
      <ItemName>שמפו ילדים ברבי חד קרן   700 הוואי</ItemName>
      <ManufactureName>הנקל סוד בעמ</ManufactureName>
      <ManufactureCountry />
      <ManufactureItemDescription />
      <UnitQty>י"ח</UnitQty>
      <Quantity>700</Quantity>
      <UnitMeasure>ל  מ"ל</UnitMeasure>
      <BisWeighted>0</BisWeighted>
      <QtyInPackage>1</QtyInPackage>
      <ItemPrice>12.90</ItemPrice>
      <UnitOfMeasurePrice>1.84</UnitOfMeasurePrice>
      <AllowDiscount>0</AllowDiscount>
      <itemStatus>1</itemStatus>
      <LastUpdateDate />
      <LastUpdateTime />
    </Product>
    <Product>
      <PriceUpdateDate>2017/09/17 10:41</PriceUpdateDate>
      <ItemCode>7290016517286</ItemCode>
      <ItemType>1</ItemType>
      <ItemName>ספגטי חיטה מלאה 500ג שדות</ItemName>
      <ManufactureName>אחים אגא (א.מ.) שיווק</ManufactureName>
      <ManufactureCountry />
      <ManufactureItemDescription />
      <UnitQty>י"ח</UnitQty>
      <Quantity>500</Quantity>
      <UnitMeasure>ל  גרם</UnitMeasure>
      <BisWeighted>0</BisWeighted>
      <QtyInPackage>1</QtyInPackage>
      <ItemPrice>3.90</ItemPrice>
      <UnitOfMeasurePrice>0.78</UnitOfMeasurePrice>
      <AllowDiscount>0</AllowDiscount>
      <itemStatus>1</itemStatus>
      <LastUpdateDate />
      <LastUpdateTime />
    </Product>
    <Product>
      <PriceUpdateDate>2019/05/27 11:20</PriceUpdateDate>
      <ItemCode>7290016517453</ItemCode>
      <ItemType>1</ItemType>
      <ItemName>קמח לבן מנופה 1ק"ג</ItemName>
      <ManufactureName>אחים אגא (א.מ.) שיווק</ManufactureName>
      <ManufactureCountry />
      <ManufactureItemDescription />
      <UnitQty>י"ח</UnitQty>
      <Quantity>1</Quantity>
      <UnitMeasure>ק"ג</UnitMeasure>
      <BisWeighted>0</BisWeighted>
      <QtyInPackage>1</QtyInPackage>
      <ItemPrice>5</ItemPrice>
      <UnitOfMeasurePrice>5</UnitOfMeasurePrice>
      <AllowDiscount>0</AllowDiscount>
      <itemStatus>1</itemStatus>
      <LastUpdateDate />
      <LastUpdateTime />
    </Product>
    <Product>
      <PriceUpdateDate>2019/03/25 17:55</PriceUpdateDate>
      <ItemCode>7290016523454</ItemCode>
      <ItemType>1</ItemType>
      <ItemName>אטריות עם תרד 300 גרם</ItemName>
      <ManufactureName>מזרח ומערב יבוא ושיווק</ManufactureName>
      <ManufactureCountry />
      <ManufactureItemDescription />
      <UnitQty>י"ח</UnitQty>
      <Quantity>300</Quantity>
      <UnitMeasure>ל  גרם</UnitMeasure>
      <BisWeighted>0</BisWeighted>
      <QtyInPackage>1</QtyInPackage>
      <ItemPrice>5.90</ItemPrice>
      <UnitOfMeasurePrice>1.97</UnitOfMeasurePrice>
      <AllowDiscount>0</AllowDiscount>
      <itemStatus>1</itemStatus>
      <LastUpdateDate />
      <LastUpdateTime />
    </Product>
    <Product>
      <PriceUpdateDate>2019/09/04 08:53</PriceUpdateDate>
      <ItemCode>7290016524581</ItemCode>
      <ItemType>1</ItemType>
      <ItemName>דג פילה סלמון מנות</ItemName>
      <ManufactureName>לפ לפ עת רן 1996 בעמ</ManufactureName>
      <ManufactureCountry />
      <ManufactureItemDescription />
      <UnitQty>ק"ג</UnitQty>
      <Quantity>1</Quantity>
      <UnitMeasure />
      <BisWeighted>1</BisWeighted>
      <QtyInPackage>1</QtyInPackage>
      <ItemPrice>89.90</ItemPrice>
      <UnitOfMeasurePrice>89.90</UnitOfMeasurePrice>
      <AllowDiscount>0</AllowDiscount>
      <itemStatus>1</itemStatus>
      <LastUpdateDate />
      <LastUpdateTime />
    </Product>
    <Product>
      <PriceUpdateDate>2020/03/05 19:39</PriceUpdateDate>
      <ItemCode>7290016524871</ItemCode>
      <ItemType>1</ItemType>
      <ItemName>במיה קפוא מחפוד 600 גרם</ItemName>
      <ManufactureName>עת -רן (1996) בעמ</ManufactureName>
      <ManufactureCountry />
      <ManufactureItemDescription />
      <UnitQty>י"ח</UnitQty>
      <Quantity>600</Quantity>
      <UnitMeasure>ל  גרם</UnitMeasure>
      <BisWeighted>0</BisWeighted>
      <QtyInPackage>1</QtyInPackage>
      <ItemPrice>9.90</ItemPrice>
      <UnitOfMeasurePrice>1.65</UnitOfMeasurePrice>
      <AllowDiscount>0</AllowDiscount>
      <itemStatus>1</itemStatus>
      <LastUpdateDate />
      <LastUpdateTime />
    </Product>
    <Product>
      <PriceUpdateDate>2017/02/05 09:40</PriceUpdateDate>
      <ItemCode>7290016564006</ItemCode>
      <ItemType>1</ItemType>
      <ItemName>מבריקל הפלא ספוג שלישייה לכלים</ItemName>
      <ManufactureName>ח.כהן סוכנות מזון ומשקאות בע</ManufactureName>
      <ManufactureCountry />
      <ManufactureItemDescription />
      <UnitQty>י"ח</UnitQty>
      <Quantity>1</Quantity>
      <UnitMeasure />
      <BisWeighted>0</BisWeighted>
      <QtyInPackage>1</QtyInPackage>
      <ItemPrice>9.90</ItemPrice>
      <UnitOfMeasurePrice>9.90</UnitOfMeasurePrice>
      <AllowDiscount>0</AllowDiscount>
      <itemStatus>1</itemStatus>
      <LastUpdateDate />
      <LastUpdateTime />
    </Product>
    <Product>
      <PriceUpdateDate>2019/02/18 12:42</PriceUpdateDate>
      <ItemCode>7290016566680</ItemCode>
      <ItemType>1</ItemType>
      <ItemName>בקבוק פופ אפ 75</ItemName>
      <ManufactureName>מוסקו בעמ</ManufactureName>
      <ManufactureCountry />
      <ManufactureItemDescription />
      <UnitQty>י"ח</UnitQty>
      <Quantity>1</Quantity>
      <UnitMeasure />
      <BisWeighted>0</BisWeighted>
      <QtyInPackage>1</QtyInPackage>
      <ItemPrice>49.90</ItemPrice>
      <UnitOfMeasurePrice>49.90</UnitOfMeasurePrice>
      <AllowDiscount>0</AllowDiscount>
      <itemStatus>1</itemStatus>
      <LastUpdateDate />
      <LastUpdateTime />
    </Product>
    <Product>
      <PriceUpdateDate>2017/06/09 09:59</PriceUpdateDate>
      <ItemCode>7290016621358</ItemCode>
      <ItemType>1</ItemType>
      <ItemName>אל סבון נוזלי לידיים קמיל 1ליטר</ItemName>
      <ManufactureName>פישר תעשיות פרמבצטיות בעמ</ManufactureName>
      <ManufactureCountry />
      <ManufactureItemDescription />
      <UnitQty>י"ח</UnitQty>
      <Quantity>1</Quantity>
      <UnitMeasure>ליטר</UnitMeasure>
      <BisWeighted>0</BisWeighted>
      <QtyInPackage>1</QtyInPackage>
      <ItemPrice>14.90</ItemPrice>
      <UnitOfMeasurePrice>14.90</UnitOfMeasurePrice>
      <AllowDiscount>1</AllowDiscount>
      <itemStatus>1</itemStatus>
      <LastUpdateDate />
      <LastUpdateTime />
    </Product>
    <Product>
      <PriceUpdateDate>2018/01/29 14:57</PriceUpdateDate>
      <ItemCode>7290016666007</ItemCode>
      <ItemType>1</ItemType>
      <ItemName>סטייק אנטריקוט אנגוס קפוא</ItemName>
      <ManufactureName>ב.ייצור מוצרי מזון</ManufactureName>
      <ManufactureCountry />
      <ManufactureItemDescription />
      <UnitQty>י"ח</UnitQty>
      <Quantity>800</Quantity>
      <UnitMeasure>ל  גרם</UnitMeasure>
      <BisWeighted>0</BisWeighted>
      <QtyInPackage>1</QtyInPackage>
      <ItemPrice>49.90</ItemPrice>
      <UnitOfMeasurePrice>6.24</UnitOfMeasurePrice>
      <AllowDiscount>0</AllowDiscount>
      <itemStatus>1</itemStatus>
      <LastUpdateDate />
      <LastUpdateTime />
    </Product>
    <Product>
      <PriceUpdateDate>2016/11/11 10:18</PriceUpdateDate>
      <ItemCode>7290016667097</ItemCode>
      <ItemType>1</ItemType>
      <ItemName>חטיף טורטיה מלוח 250גר</ItemName>
      <ManufactureName>נאמן לאורך זמן בעמ</ManufactureName>
      <ManufactureCountry />
      <ManufactureItemDescription />
      <UnitQty>י"ח</UnitQty>
      <Quantity>250</Quantity>
      <UnitMeasure>ל  גרם</UnitMeasure>
      <BisWeighted>0</BisWeighted>
      <QtyInPackage>1</QtyInPackage>
      <ItemPrice>8.90</ItemPrice>
      <UnitOfMeasurePrice>3.56</UnitOfMeasurePrice>
      <AllowDiscount>0</AllowDiscount>
      <itemStatus>1</itemStatus>
      <LastUpdateDate />
      <LastUpdateTime />
    </Product>
    <Product>
      <PriceUpdateDate>2018/01/08 11:43</PriceUpdateDate>
      <ItemCode>7290016667189</ItemCode>
      <ItemType>1</ItemType>
      <ItemName>גרבי ספורט שלישייה לבן</ItemName>
      <ManufactureName>נאמן לאורך זמן בעמ</ManufactureName>
      <ManufactureCountry />
      <ManufactureItemDescription />
      <UnitQty>י"ח</UnitQty>
      <Quantity>1</Quantity>
      <UnitMeasure />
      <BisWeighted>0</BisWeighted>
      <QtyInPackage>1</QtyInPackage>
      <ItemPrice>9.90</ItemPrice>
      <UnitOfMeasurePrice>9.90</UnitOfMeasurePrice>
      <AllowDiscount>0</AllowDiscount>
      <itemStatus>1</itemStatus>
      <LastUpdateDate />
      <LastUpdateTime />
    </Product>
    <Product>
      <PriceUpdateDate>2018/11/08 17:59</PriceUpdateDate>
      <ItemCode>7290016667431</ItemCode>
      <ItemType>1</ItemType>
      <ItemName>טורטיה ענק 30ס"מ 540גר נאמן</ItemName>
      <ManufactureName>נאמן לאורך זמן בעמ</ManufactureName>
      <ManufactureCountry />
      <ManufactureItemDescription />
      <UnitQty>י"ח</UnitQty>
      <Quantity>540</Quantity>
      <UnitMeasure>ל  גרם</UnitMeasure>
      <BisWeighted>0</BisWeighted>
      <QtyInPackage>1</QtyInPackage>
      <ItemPrice>12.90</ItemPrice>
      <UnitOfMeasurePrice>2.39</UnitOfMeasurePrice>
      <AllowDiscount>0</AllowDiscount>
      <itemStatus>1</itemStatus>
      <LastUpdateDate />
      <LastUpdateTime />
    </Product>
    <Product>
      <PriceUpdateDate>2018/10/18 17:08</PriceUpdateDate>
      <ItemCode>7290016667455</ItemCode>
      <ItemType>1</ItemType>
      <ItemName>פרכיות אורז מחפוד</ItemName>
      <ManufactureName>נאמן לאורך זמן בעמ</ManufactureName>
      <ManufactureCountry />
      <ManufactureItemDescription />
      <UnitQty>י"ח</UnitQty>
      <Quantity>1</Quantity>
      <UnitMeasure />
      <BisWeighted>0</BisWeighted>
      <QtyInPackage>1</QtyInPackage>
      <ItemPrice>5</ItemPrice>
      <UnitOfMeasurePrice>5</UnitOfMeasurePrice>
      <AllowDiscount>0</AllowDiscount>
      <itemStatus>1</itemStatus>
      <LastUpdateDate />
      <LastUpdateTime />
    </Product>
    <Product>
      <PriceUpdateDate>2020/02/26 15:06</PriceUpdateDate>
      <ItemCode>7290016667707</ItemCode>
      <ItemType>1</ItemType>
      <ItemName>דפי אורז 22ס"מ 270גר</ItemName>
      <ManufactureName>נאמן לאורך זמן בעמ</ManufactureName>
      <ManufactureCountry />
      <ManufactureItemDescription />
      <UnitQty>י"ח</UnitQty>
      <Quantity>270</Quantity>
      <UnitMeasure>ל  גרם</UnitMeasure>
      <BisWeighted>0</BisWeighted>
      <QtyInPackage>1</QtyInPackage>
      <ItemPrice>10.90</ItemPrice>
      <UnitOfMeasurePrice>4.04</UnitOfMeasurePrice>
      <AllowDiscount>0</AllowDiscount>
      <itemStatus>1</itemStatus>
      <LastUpdateDate />
      <LastUpdateTime />
    </Product>
    <Product>
      <PriceUpdateDate>2017/03/29 16:39</PriceUpdateDate>
      <ItemCode>7290016717099</ItemCode>
      <ItemType>1</ItemType>
      <ItemName>סלקטד אדום חצי יבש   0.75 ל</ItemName>
      <ManufactureName>אגודת הכורמים -כרמל מזרחי</ManufactureName>
      <ManufactureCountry />
      <ManufactureItemDescription />
      <UnitQty>י"ח</UnitQty>
      <Quantity>750</Quantity>
      <UnitMeasure>ל  מ"ל</UnitMeasure>
      <BisWeighted>0</BisWeighted>
      <QtyInPackage>1</QtyInPackage>
      <ItemPrice>27</ItemPrice>
      <UnitOfMeasurePrice>3.56</UnitOfMeasurePrice>
      <AllowDiscount>1</AllowDiscount>
      <itemStatus>1</itemStatus>
      <LastUpdateDate />
      <LastUpdateTime />
    </Product>
    <Product>
      <PriceUpdateDate>2019/11/03 10:40</PriceUpdateDate>
      <ItemCode>7290016811803</ItemCode>
      <ItemType>1</ItemType>
      <ItemName>מבשם בדים 160מ"ל סחלבים</ItemName>
      <ManufactureName>מזרח הודו סחר בעמ</ManufactureName>
      <ManufactureCountry />
      <ManufactureItemDescription />
      <UnitQty>י"ח</UnitQty>
      <Quantity>1</Quantity>
      <UnitMeasure />
      <BisWeighted>0</BisWeighted>
      <QtyInPackage>1</QtyInPackage>
      <ItemPrice>12.90</ItemPrice>
      <UnitOfMeasurePrice>12.90</UnitOfMeasurePrice>
      <AllowDiscount>0</AllowDiscount>
      <itemStatus>1</itemStatus>
      <LastUpdateDate />
      <LastUpdateTime />
    </Product>
    <Product>
      <PriceUpdateDate>2019/11/03 10:18</PriceUpdateDate>
      <ItemCode>7290016811872</ItemCode>
      <ItemType>1</ItemType>
      <ItemName>מפיץ ריח 100מ"ל ארומטיק</ItemName>
      <ManufactureName>מזרח הודו סחר בעמ</ManufactureName>
      <ManufactureCountry />
      <ManufactureItemDescription />
      <UnitQty>י"ח</UnitQty>
      <Quantity>1</Quantity>
      <UnitMeasure />
      <BisWeighted>0</BisWeighted>
      <QtyInPackage>1</QtyInPackage>
      <ItemPrice>16.90</ItemPrice>
      <UnitOfMeasurePrice>16.90</UnitOfMeasurePrice>
      <AllowDiscount>0</AllowDiscount>
      <itemStatus>1</itemStatus>
      <LastUpdateDate />
      <LastUpdateTime />
    </Product>
    <Product>
      <PriceUpdateDate>2018/06/24 09:25</PriceUpdateDate>
      <ItemCode>7290016866070</ItemCode>
      <ItemType>1</ItemType>
      <ItemName>לקקנים שטוחים בטעמי פירות וקולה 200ג</ItemName>
      <ManufactureName>גורי ע.ע.ע. בעמ</ManufactureName>
      <ManufactureCountry />
      <ManufactureItemDescription />
      <UnitQty>י"ח</UnitQty>
      <Quantity>192</Quantity>
      <UnitMeasure>ל  גרם</UnitMeasure>
      <BisWeighted>0</BisWeighted>
      <QtyInPackage>1</QtyInPackage>
      <ItemPrice>7.90</ItemPrice>
      <UnitOfMeasurePrice>4.11</UnitOfMeasurePrice>
      <AllowDiscount>0</AllowDiscount>
      <itemStatus>1</itemStatus>
      <LastUpdateDate />
      <LastUpdateTime />
    </Product>
    <Product>
      <PriceUpdateDate>2018/06/18 14:38</PriceUpdateDate>
      <ItemCode>7290016866650</ItemCode>
      <ItemType>1</ItemType>
      <ItemName>משחת פרודונטקס אוריגינל 75מ"ל</ItemName>
      <ManufactureName>גורי ע.ע.ע. בעמ</ManufactureName>
      <ManufactureCountry />
      <ManufactureItemDescription />
      <UnitQty>י"ח</UnitQty>
      <Quantity>75</Quantity>
      <UnitMeasure>ל  מ"ל</UnitMeasure>
      <BisWeighted>0</BisWeighted>
      <QtyInPackage>1</QtyInPackage>
      <ItemPrice>28.90</ItemPrice>
      <UnitOfMeasurePrice>38.53</UnitOfMeasurePrice>
      <AllowDiscount>1</AllowDiscount>
      <itemStatus>1</itemStatus>
      <LastUpdateDate />
      <LastUpdateTime />
    </Product>
    <Product>
      <PriceUpdateDate>2018/06/18 14:38</PriceUpdateDate>
      <ItemCode>7290016866667</ItemCode>
      <ItemType>1</ItemType>
      <ItemName>משחת פרודונטקס פלאוריד  75מ"ל</ItemName>
      <ManufactureName>גורי ע.ע.ע. בעמ</ManufactureName>
      <ManufactureCountry />
      <ManufactureItemDescription />
      <UnitQty>י"ח</UnitQty>
      <Quantity>75</Quantity>
      <UnitMeasure>ל  מ"ל</UnitMeasure>
      <BisWeighted>0</BisWeighted>
      <QtyInPackage>1</QtyInPackage>
      <ItemPrice>28.90</ItemPrice>
      <UnitOfMeasurePrice>38.53</UnitOfMeasurePrice>
      <AllowDiscount>1</AllowDiscount>
      <itemStatus>1</itemStatus>
      <LastUpdateDate />
      <LastUpdateTime />
    </Product>
    <Product>
      <PriceUpdateDate>2018/06/18 14:37</PriceUpdateDate>
      <ItemCode>7290016866674</ItemCode>
      <ItemType>1</ItemType>
      <ItemName>משחת פרודונטקס מלבינה 75מ"ל</ItemName>
      <ManufactureName>גורי ע.ע.ע. בעמ</ManufactureName>
      <ManufactureCountry />
      <ManufactureItemDescription />
      <UnitQty>י"ח</UnitQty>
      <Quantity>75</Quantity>
      <UnitMeasure>ל  מ"ל</UnitMeasure>
      <BisWeighted>0</BisWeighted>
      <QtyInPackage>1</QtyInPackage>
      <ItemPrice>28.90</ItemPrice>
      <UnitOfMeasurePrice>38.53</UnitOfMeasurePrice>
      <AllowDiscount>1</AllowDiscount>
      <itemStatus>1</itemStatus>
      <LastUpdateDate />
      <LastUpdateTime />
    </Product>
    <Product>
      <PriceUpdateDate>2017/12/21 14:31</PriceUpdateDate>
      <ItemCode>7290016912623</ItemCode>
      <ItemType>1</ItemType>
      <ItemName>סרקל בלונד מרכך 1ל</ItemName>
      <ManufactureName>פישר תעשיות פרמבצטיות בעמ</ManufactureName>
      <ManufactureCountry />
      <ManufactureItemDescription />
      <UnitQty>י"ח</UnitQty>
      <Quantity>1</Quantity>
      <UnitMeasure>ליטר</UnitMeasure>
      <BisWeighted>0</BisWeighted>
      <QtyInPackage>1</QtyInPackage>
      <ItemPrice>28.90</ItemPrice>
      <UnitOfMeasurePrice>28.90</UnitOfMeasurePrice>
      <AllowDiscount>0</AllowDiscount>
      <itemStatus>1</itemStatus>
      <LastUpdateDate />
      <LastUpdateTime />
    </Product>
    <Product>
      <PriceUpdateDate>2017/11/05 14:38</PriceUpdateDate>
      <ItemCode>7290016967074</ItemCode>
      <ItemType>1</ItemType>
      <ItemName>לחם אנגיל חיטה מלאה 750גר</ItemName>
      <ManufactureName>שלמה א.אנג ל בעמ</ManufactureName>
      <ManufactureCountry />
      <ManufactureItemDescription />
      <UnitQty>י"ח</UnitQty>
      <Quantity>750</Quantity>
      <UnitMeasure>ל  גרם</UnitMeasure>
      <BisWeighted>0</BisWeighted>
      <QtyInPackage>1</QtyInPackage>
      <ItemPrice>14.90</ItemPrice>
      <UnitOfMeasurePrice>1.99</UnitOfMeasurePrice>
      <AllowDiscount>0</AllowDiscount>
      <itemStatus>1</itemStatus>
      <LastUpdateDate />
      <LastUpdateTime />
    </Product>
    <Product>
      <PriceUpdateDate>2018/11/15 15:53</PriceUpdateDate>
      <ItemCode>7290016967456</ItemCode>
      <ItemType>1</ItemType>
      <ItemName>לחם צרפתי 100% כוסמין 600גר</ItemName>
      <ManufactureName>שלמה א.אנג ל בעמ</ManufactureName>
      <ManufactureCountry />
      <ManufactureItemDescription />
      <UnitQty>י"ח</UnitQty>
      <Quantity>600</Quantity>
      <UnitMeasure>ל  גרם</UnitMeasure>
      <BisWeighted>0</BisWeighted>
      <QtyInPackage>1</QtyInPackage>
      <ItemPrice>15.90</ItemPrice>
      <UnitOfMeasurePrice>2.65</UnitOfMeasurePrice>
      <AllowDiscount>0</AllowDiscount>
      <itemStatus>1</itemStatus>
      <LastUpdateDate />
      <LastUpdateTime />
    </Product>
    <Product>
      <PriceUpdateDate>2019/12/29 14:34</PriceUpdateDate>
      <ItemCode>7290017023359</ItemCode>
      <ItemType>1</ItemType>
      <ItemName>עין גדי מים מינרלים 0.5ליטר מארז שמיני</ItemName>
      <ManufactureName>יפאורה שותפות מוגבלת לשיווק</ManufactureName>
      <ManufactureCountry />
      <ManufactureItemDescription />
      <UnitQty>י"ח</UnitQty>
      <Quantity>4</Quantity>
      <UnitMeasure>ליטר</UnitMeasure>
      <BisWeighted>0</BisWeighted>
      <QtyInPackage>1</QtyInPackage>
      <ItemPrice>12.90</ItemPrice>
      <UnitOfMeasurePrice>2.63</UnitOfMeasurePrice>
      <AllowDiscount>1</AllowDiscount>
      <itemStatus>1</itemStatus>
      <LastUpdateDate />
      <LastUpdateTime />
    </Product>
    <Product>
      <PriceUpdateDate>2018/10/30 11:03</PriceUpdateDate>
      <ItemCode>7290017023496</ItemCode>
      <ItemType>1</ItemType>
      <ItemName>שוופס מוגז פירות ללא סוכר תות   1.5 לי</ItemName>
      <ManufactureName>יפאורה שותפות מוגבלת לשיווק</ManufactureName>
      <ManufactureCountry />
      <ManufactureItemDescription />
      <UnitQty>י"ח</UnitQty>
      <Quantity>1.50</Quantity>
      <UnitMeasure>ליטר</UnitMeasure>
      <BisWeighted>0</BisWeighted>
      <QtyInPackage>1</QtyInPackage>
      <ItemPrice>6.70</ItemPrice>
      <UnitOfMeasurePrice>4.47</UnitOfMeasurePrice>
      <AllowDiscount>1</AllowDiscount>
      <itemStatus>1</itemStatus>
      <LastUpdateDate />
      <LastUpdateTime />
    </Product>
    <Product>
      <PriceUpdateDate>2018/10/30 11:03</PriceUpdateDate>
      <ItemCode>7290017023687</ItemCode>
      <ItemType>1</ItemType>
      <ItemName>שוופס מוגז פירות ללא סוכר אננס   1.5 לי</ItemName>
      <ManufactureName>יפאורה שותפות מוגבלת לשיווק</ManufactureName>
      <ManufactureCountry />
      <ManufactureItemDescription />
      <UnitQty>י"ח</UnitQty>
      <Quantity>1.50</Quantity>
      <UnitMeasure>ליטר</UnitMeasure>
      <BisWeighted>0</BisWeighted>
      <QtyInPackage>1</QtyInPackage>
      <ItemPrice>6.70</ItemPrice>
      <UnitOfMeasurePrice>4.47</UnitOfMeasurePrice>
      <AllowDiscount>1</AllowDiscount>
      <itemStatus>1</itemStatus>
      <LastUpdateDate />
      <LastUpdateTime />
    </Product>
    <Product>
      <PriceUpdateDate>2019/01/28 13:23</PriceUpdateDate>
      <ItemCode>7290017023717</ItemCode>
      <ItemType>1</ItemType>
      <ItemName>מי טוניק ללא סוכר 1.5ליטר</ItemName>
      <ManufactureName>יפאורה שותפות מוגבלת לשיווק</ManufactureName>
      <ManufactureCountry />
      <ManufactureItemDescription />
      <UnitQty>י"ח</UnitQty>
      <Quantity>1.50</Quantity>
      <UnitMeasure>ליטר</UnitMeasure>
      <BisWeighted>0</BisWeighted>
      <QtyInPackage>1</QtyInPackage>
      <ItemPrice>10.30</ItemPrice>
      <UnitOfMeasurePrice>6.87</UnitOfMeasurePrice>
      <AllowDiscount>1</AllowDiscount>
      <itemStatus>1</itemStatus>
      <LastUpdateDate />
      <LastUpdateTime />
    </Product>
    <Product>
      <PriceUpdateDate>2019/01/13 11:56</PriceUpdateDate>
      <ItemCode>7290017023724</ItemCode>
      <ItemType>1</ItemType>
      <ItemName>ספרינג מנגו אננס 1.5ל</ItemName>
      <ManufactureName>יפאורה שותפות מוגבלת לשיווק</ManufactureName>
      <ManufactureCountry />
      <ManufactureItemDescription />
      <UnitQty>י"ח</UnitQty>
      <Quantity>1.50</Quantity>
      <UnitMeasure>ליטר</UnitMeasure>
      <BisWeighted>0</BisWeighted>
      <QtyInPackage>1</QtyInPackage>
      <ItemPrice>6.20</ItemPrice>
      <UnitOfMeasurePrice>4.13</UnitOfMeasurePrice>
      <AllowDiscount>1</AllowDiscount>
      <itemStatus>1</itemStatus>
      <LastUpdateDate />
      <LastUpdateTime />
    </Product>
    <Product>
      <PriceUpdateDate>2019/03/21 12:36</PriceUpdateDate>
      <ItemCode>7290017023854</ItemCode>
      <ItemType>1</ItemType>
      <ItemName>סודה שוופס 250מ"ל 1/4</ItemName>
      <ManufactureName>יפאורה שותפות מוגבלת לשיווק</ManufactureName>
      <ManufactureCountry />
      <ManufactureItemDescription />
      <UnitQty>י"ח</UnitQty>
      <Quantity>1</Quantity>
      <UnitMeasure>ליטר</UnitMeasure>
      <BisWeighted>0</BisWeighted>
      <QtyInPackage>1</QtyInPackage>
      <ItemPrice>13.10</ItemPrice>
      <UnitOfMeasurePrice>13.10</UnitOfMeasurePrice>
      <AllowDiscount>1</AllowDiscount>
      <itemStatus>1</itemStatus>
      <LastUpdateDate />
      <LastUpdateTime />
    </Product>
    <Product>
      <PriceUpdateDate>2019/03/21 12:36</PriceUpdateDate>
      <ItemCode>7290017023861</ItemCode>
      <ItemType>1</ItemType>
      <ItemName>סודה שוופס למון  250מ"ל 1/4</ItemName>
      <ManufactureName>יפאורה שותפות מוגבלת לשיווק</ManufactureName>
      <ManufactureCountry />
      <ManufactureItemDescription />
      <UnitQty>י"ח</UnitQty>
      <Quantity>1</Quantity>
      <UnitMeasure>ליטר</UnitMeasure>
      <BisWeighted>0</BisWeighted>
      <QtyInPackage>1</QtyInPackage>
      <ItemPrice>13.10</ItemPrice>
      <UnitOfMeasurePrice>13.10</UnitOfMeasurePrice>
      <AllowDiscount>1</AllowDiscount>
      <itemStatus>1</itemStatus>
      <LastUpdateDate />
      <LastUpdateTime />
    </Product>
    <Product>
      <PriceUpdateDate>2019/01/13 11:56</PriceUpdateDate>
      <ItemCode>7290017023922</ItemCode>
      <ItemType>1</ItemType>
      <ItemName>שוופס סודה למון גראס וגינגר1/4 1.5 ל</ItemName>
      <ManufactureName>יפאורה שותפות מוגבלת לשיווק</ManufactureName>
      <ManufactureCountry />
      <ManufactureItemDescription />
      <UnitQty>י"ח</UnitQty>
      <Quantity>6</Quantity>
      <UnitMeasure>ליטר</UnitMeasure>
      <BisWeighted>0</BisWeighted>
      <QtyInPackage>1</QtyInPackage>
      <ItemPrice>11</ItemPrice>
      <UnitOfMeasurePrice>1.83</UnitOfMeasurePrice>
      <AllowDiscount>0</AllowDiscount>
      <itemStatus>1</itemStatus>
      <LastUpdateDate />
      <LastUpdateTime />
    </Product>
    <Product>
      <PriceUpdateDate>2018/12/30 09:32</PriceUpdateDate>
      <ItemCode>7290017031705</ItemCode>
      <ItemType>1</ItemType>
      <ItemName>סנסודיין קלין פרש 75מ"ל  75מ"ל</ItemName>
      <ManufactureName>גורי ע.ע.ע. בעמ</ManufactureName>
      <ManufactureCountry />
      <ManufactureItemDescription />
      <UnitQty>י"ח</UnitQty>
      <Quantity>75</Quantity>
      <UnitMeasure>ל  גרם</UnitMeasure>
      <BisWeighted>0</BisWeighted>
      <QtyInPackage>1</QtyInPackage>
      <ItemPrice>21.90</ItemPrice>
      <UnitOfMeasurePrice>29.20</UnitOfMeasurePrice>
      <AllowDiscount>1</AllowDiscount>
      <itemStatus>1</itemStatus>
      <LastUpdateDate />
      <LastUpdateTime />
    </Product>
    <Product>
      <PriceUpdateDate>2019/05/22 07:30</PriceUpdateDate>
      <ItemCode>7290017031811</ItemCode>
      <ItemType>1</ItemType>
      <ItemName>פרודונטקס מברשת שיניים זוג</ItemName>
      <ManufactureName>גורי ע.ע.ע. בעמ</ManufactureName>
      <ManufactureCountry />
      <ManufactureItemDescription />
      <UnitQty>י"ח</UnitQty>
      <Quantity>1</Quantity>
      <UnitMeasure />
      <BisWeighted>0</BisWeighted>
      <QtyInPackage>1</QtyInPackage>
      <ItemPrice>29.90</ItemPrice>
      <UnitOfMeasurePrice>29.90</UnitOfMeasurePrice>
      <AllowDiscount>0</AllowDiscount>
      <itemStatus>1</itemStatus>
      <LastUpdateDate />
      <LastUpdateTime />
    </Product>
    <Product>
      <PriceUpdateDate>2018/10/07 16:48</PriceUpdateDate>
      <ItemCode>7290017065007</ItemCode>
      <ItemType>1</ItemType>
      <ItemName>מוצרלה פרוסה 150ג</ItemName>
      <ManufactureName>מחלבות גד</ManufactureName>
      <ManufactureCountry />
      <ManufactureItemDescription />
      <UnitQty>י"ח</UnitQty>
      <Quantity>150</Quantity>
      <UnitMeasure>ל  גרם</UnitMeasure>
      <BisWeighted>0</BisWeighted>
      <QtyInPackage>1</QtyInPackage>
      <ItemPrice>17.90</ItemPrice>
      <UnitOfMeasurePrice>11.93</UnitOfMeasurePrice>
      <AllowDiscount>1</AllowDiscount>
      <itemStatus>1</itemStatus>
      <LastUpdateDate />
      <LastUpdateTime />
    </Product>
    <Product>
      <PriceUpdateDate>2017/12/05 14:45</PriceUpdateDate>
      <ItemCode>7290017065144</ItemCode>
      <ItemType>1</ItemType>
      <ItemName>ריקוטה למריחה 5% עם בזיליקום</ItemName>
      <ManufactureName>מחלבות גד</ManufactureName>
      <ManufactureCountry />
      <ManufactureItemDescription />
      <UnitQty>י"ח</UnitQty>
      <Quantity>200</Quantity>
      <UnitMeasure>ל  גרם</UnitMeasure>
      <BisWeighted>0</BisWeighted>
      <QtyInPackage>1</QtyInPackage>
      <ItemPrice>9.90</ItemPrice>
      <UnitOfMeasurePrice>4.95</UnitOfMeasurePrice>
      <AllowDiscount>1</AllowDiscount>
      <itemStatus>1</itemStatus>
      <LastUpdateDate />
      <LastUpdateTime />
    </Product>
    <Product>
      <PriceUpdateDate>2018/04/23 15:40</PriceUpdateDate>
      <ItemCode>7290017065236</ItemCode>
      <ItemType>1</ItemType>
      <ItemName>בולגרית מעודנת 24% 250ג</ItemName>
      <ManufactureName>מחלבות גד</ManufactureName>
      <ManufactureCountry />
      <ManufactureItemDescription />
      <UnitQty>י"ח</UnitQty>
      <Quantity>250</Quantity>
      <UnitMeasure>ל  גרם</UnitMeasure>
      <BisWeighted>0</BisWeighted>
      <QtyInPackage>1</QtyInPackage>
      <ItemPrice>21.90</ItemPrice>
      <UnitOfMeasurePrice>8.76</UnitOfMeasurePrice>
      <AllowDiscount>1</AllowDiscount>
      <itemStatus>1</itemStatus>
      <LastUpdateDate />
      <LastUpdateTime />
    </Product>
    <Product>
      <PriceUpdateDate>2018/07/09 11:53</PriceUpdateDate>
      <ItemCode>7290017088075</ItemCode>
      <ItemType>1</ItemType>
      <ItemName>חיתולי בייביסיטר  מידה 4+ 40יח</ItemName>
      <ManufactureName>שקד תבל בעמ</ManufactureName>
      <ManufactureCountry />
      <ManufactureItemDescription />
      <UnitQty>י"ח</UnitQty>
      <Quantity>1</Quantity>
      <UnitMeasure />
      <BisWeighted>0</BisWeighted>
      <QtyInPackage>1</QtyInPackage>
      <ItemPrice>34.90</ItemPrice>
      <UnitOfMeasurePrice>34.90</UnitOfMeasurePrice>
      <AllowDiscount>1</AllowDiscount>
      <itemStatus>1</itemStatus>
      <LastUpdateDate />
      <LastUpdateTime />
    </Product>
    <Product>
      <PriceUpdateDate>2018/07/09 11:54</PriceUpdateDate>
      <ItemCode>7290017088082</ItemCode>
      <ItemType>1</ItemType>
      <ItemName>חיתולי בייביסיטר  מידה 5 36יח</ItemName>
      <ManufactureName>שקד תבל בעמ</ManufactureName>
      <ManufactureCountry />
      <ManufactureItemDescription />
      <UnitQty>י"ח</UnitQty>
      <Quantity>1</Quantity>
      <UnitMeasure />
      <BisWeighted>0</BisWeighted>
      <QtyInPackage>1</QtyInPackage>
      <ItemPrice>34.90</ItemPrice>
      <UnitOfMeasurePrice>34.90</UnitOfMeasurePrice>
      <AllowDiscount>1</AllowDiscount>
      <itemStatus>1</itemStatus>
      <LastUpdateDate />
      <LastUpdateTime />
    </Product>
    <Product>
      <PriceUpdateDate>2018/07/16 09:10</PriceUpdateDate>
      <ItemCode>7290017088099</ItemCode>
      <ItemType>1</ItemType>
      <ItemName>חיתולי בייביסיטר  מידה 6 34יח</ItemName>
      <ManufactureName>שקד תבל בעמ</ManufactureName>
      <ManufactureCountry />
      <ManufactureItemDescription />
      <UnitQty>י"ח</UnitQty>
      <Quantity>1</Quantity>
      <UnitMeasure />
      <BisWeighted>0</BisWeighted>
      <QtyInPackage>1</QtyInPackage>
      <ItemPrice>34.90</ItemPrice>
      <UnitOfMeasurePrice>34.90</UnitOfMeasurePrice>
      <AllowDiscount>1</AllowDiscount>
      <itemStatus>1</itemStatus>
      <LastUpdateDate />
      <LastUpdateTime />
    </Product>
    <Product>
      <PriceUpdateDate>2020/04/08 10:35</PriceUpdateDate>
      <ItemCode>7290017088457</ItemCode>
      <ItemType>1</ItemType>
      <ItemName>מגבונים לניקוי כללי קלינקל 50יח לימון</ItemName>
      <ManufactureName>שקד תבל בעמ</ManufactureName>
      <ManufactureCountry />
      <ManufactureItemDescription />
      <UnitQty>י"ח</UnitQty>
      <Quantity>1</Quantity>
      <UnitMeasure />
      <BisWeighted>0</BisWeighted>
      <QtyInPackage>1</QtyInPackage>
      <ItemPrice>5.90</ItemPrice>
      <UnitOfMeasurePrice>5.90</UnitOfMeasurePrice>
      <AllowDiscount>1</AllowDiscount>
      <itemStatus>1</itemStatus>
      <LastUpdateDate />
      <LastUpdateTime />
    </Product>
    <Product>
      <PriceUpdateDate>2019/06/13 17:19</PriceUpdateDate>
      <ItemCode>7290017105253</ItemCode>
      <ItemType>1</ItemType>
      <ItemName>קטשופ 740 גרם יכין</ItemName>
      <ManufactureName>זנלכל בעמ</ManufactureName>
      <ManufactureCountry />
      <ManufactureItemDescription />
      <UnitQty>י"ח</UnitQty>
      <Quantity>740</Quantity>
      <UnitMeasure>ל  גרם</UnitMeasure>
      <BisWeighted>0</BisWeighted>
      <QtyInPackage>1</QtyInPackage>
      <ItemPrice>6.90</ItemPrice>
      <UnitOfMeasurePrice>0.93</UnitOfMeasurePrice>
      <AllowDiscount>0</AllowDiscount>
      <itemStatus>1</itemStatus>
      <LastUpdateDate />
      <LastUpdateTime />
    </Product>
    <Product>
      <PriceUpdateDate>2019/10/28 08:17</PriceUpdateDate>
      <ItemCode>7290017105383</ItemCode>
      <ItemType>1</ItemType>
      <ItemName>שלשות תירס 6OZקידס  פ"מ</ItemName>
      <ManufactureName>זנלכל בעמ</ManufactureName>
      <ManufactureCountry />
      <ManufactureItemDescription />
      <UnitQty>י"ח</UnitQty>
      <Quantity>600</Quantity>
      <UnitMeasure>ל  גרם</UnitMeasure>
      <BisWeighted>0</BisWeighted>
      <QtyInPackage>1</QtyInPackage>
      <ItemPrice>9.90</ItemPrice>
      <UnitOfMeasurePrice>1.65</UnitOfMeasurePrice>
      <AllowDiscount>0</AllowDiscount>
      <itemStatus>1</itemStatus>
      <LastUpdateDate />
      <LastUpdateTime />
    </Product>
    <Product>
      <PriceUpdateDate>2019/08/25 14:47</PriceUpdateDate>
      <ItemCode>7290017105406</ItemCode>
      <ItemType>1</ItemType>
      <ItemName>עגבניה פולפה שלשות יכין OZ12</ItemName>
      <ManufactureName>זנלכל בעמ</ManufactureName>
      <ManufactureCountry />
      <ManufactureItemDescription />
      <UnitQty>י"ח</UnitQty>
      <Quantity>1.20</Quantity>
      <UnitMeasure>ק"ג</UnitMeasure>
      <BisWeighted>0</BisWeighted>
      <QtyInPackage>1</QtyInPackage>
      <ItemPrice>9.90</ItemPrice>
      <UnitOfMeasurePrice>8.25</UnitOfMeasurePrice>
      <AllowDiscount>0</AllowDiscount>
      <itemStatus>1</itemStatus>
      <LastUpdateDate />
      <LastUpdateTime />
    </Product>
    <Product>
      <PriceUpdateDate>2019/12/16 07:28</PriceUpdateDate>
      <ItemCode>7290017105468</ItemCode>
      <ItemType>1</ItemType>
      <ItemName>אפונה שלישייה 6OZ יכין</ItemName>
      <ManufactureName>זנלכל בעמ</ManufactureName>
      <ManufactureCountry />
      <ManufactureItemDescription />
      <UnitQty>י"ח</UnitQty>
      <Quantity>200</Quantity>
      <UnitMeasure>ל  גרם</UnitMeasure>
      <BisWeighted>0</BisWeighted>
      <QtyInPackage>1</QtyInPackage>
      <ItemPrice>9.90</ItemPrice>
      <UnitOfMeasurePrice>4.95</UnitOfMeasurePrice>
      <AllowDiscount>0</AllowDiscount>
      <itemStatus>1</itemStatus>
      <LastUpdateDate />
      <LastUpdateTime />
    </Product>
    <Product>
      <PriceUpdateDate>2019/11/05 14:17</PriceUpdateDate>
      <ItemCode>7290017105550</ItemCode>
      <ItemType>1</ItemType>
      <ItemName>מאגדת רסק עגבניות 100% 4*100גר</ItemName>
      <ManufactureName>זנלכל בעמ</ManufactureName>
      <ManufactureCountry />
      <ManufactureItemDescription />
      <UnitQty>י"ח</UnitQty>
      <Quantity>400</Quantity>
      <UnitMeasure>ל  גרם</UnitMeasure>
      <BisWeighted>0</BisWeighted>
      <QtyInPackage>1</QtyInPackage>
      <ItemPrice>9.90</ItemPrice>
      <UnitOfMeasurePrice>2.48</UnitOfMeasurePrice>
      <AllowDiscount>0</AllowDiscount>
      <itemStatus>1</itemStatus>
      <LastUpdateDate />
      <LastUpdateTime />
    </Product>
    <Product>
      <PriceUpdateDate>2019/07/17 08:54</PriceUpdateDate>
      <ItemCode>7290017129488</ItemCode>
      <ItemType>1</ItemType>
      <ItemName>סוכריות מיני קשות בטעם פירות 800 גרם</ItemName>
      <ManufactureName>כרמית תעשיות ממתקים בעמ</ManufactureName>
      <ManufactureCountry />
      <ManufactureItemDescription />
      <UnitQty>ל 100 גרם</UnitQty>
      <Quantity>800</Quantity>
      <UnitMeasure>ל  גרם</UnitMeasure>
      <BisWeighted>0</BisWeighted>
      <QtyInPackage>1</QtyInPackage>
      <ItemPrice>16.90</ItemPrice>
      <UnitOfMeasurePrice>2.11</UnitOfMeasurePrice>
      <AllowDiscount>0</AllowDiscount>
      <itemStatus>1</itemStatus>
      <LastUpdateDate />
      <LastUpdateTime />
    </Product>
    <Product>
      <PriceUpdateDate>2018/06/24 12:57</PriceUpdateDate>
      <ItemCode>7290017129846</ItemCode>
      <ItemType>1</ItemType>
      <ItemName>מיני קוקיס טעם קרמל  600ג</ItemName>
      <ManufactureName>כרמית תעשיות ממתקים בעמ</ManufactureName>
      <ManufactureCountry />
      <ManufactureItemDescription />
      <UnitQty>י"ח</UnitQty>
      <Quantity>600</Quantity>
      <UnitMeasure>ס"מ</UnitMeasure>
      <BisWeighted>0</BisWeighted>
      <QtyInPackage>1</QtyInPackage>
      <ItemPrice>15.90</ItemPrice>
      <UnitOfMeasurePrice>2.65</UnitOfMeasurePrice>
      <AllowDiscount>0</AllowDiscount>
      <itemStatus>1</itemStatus>
      <LastUpdateDate />
      <LastUpdateTime />
    </Product>
    <Product>
      <PriceUpdateDate>2018/10/18 21:54</PriceUpdateDate>
      <ItemCode>7290017142128</ItemCode>
      <ItemType>1</ItemType>
      <ItemName>שמן זית כתית עץ הזית  750 מ"ל</ItemName>
      <ManufactureName>שמן תעשיות בעמ</ManufactureName>
      <ManufactureCountry />
      <ManufactureItemDescription />
      <UnitQty>י"ח</UnitQty>
      <Quantity>750</Quantity>
      <UnitMeasure>ל  מ"ל</UnitMeasure>
      <BisWeighted>0</BisWeighted>
      <QtyInPackage>1</QtyInPackage>
      <ItemPrice>33.90</ItemPrice>
      <UnitOfMeasurePrice>4.52</UnitOfMeasurePrice>
      <AllowDiscount>0</AllowDiscount>
      <itemStatus>1</itemStatus>
      <LastUpdateDate />
      <LastUpdateTime />
    </Product>
    <Product>
      <PriceUpdateDate>2019/09/16 13:56</PriceUpdateDate>
      <ItemCode>7290017217796</ItemCode>
      <ItemType>1</ItemType>
      <ItemName>אטבי מקושט עם אחיזה רכה 24יח</ItemName>
      <ManufactureName>אינטרסן (1996) בעמ</ManufactureName>
      <ManufactureCountry />
      <ManufactureItemDescription />
      <UnitQty>י"ח</UnitQty>
      <Quantity>24</Quantity>
      <UnitMeasure>י"ח</UnitMeasure>
      <BisWeighted>0</BisWeighted>
      <QtyInPackage>1</QtyInPackage>
      <ItemPrice>11.90</ItemPrice>
      <UnitOfMeasurePrice>0.50</UnitOfMeasurePrice>
      <AllowDiscount>0</AllowDiscount>
      <itemStatus>1</itemStatus>
      <LastUpdateDate />
      <LastUpdateTime />
    </Product>
    <Product>
      <PriceUpdateDate>2020/04/27 08:21</PriceUpdateDate>
      <ItemCode>7290017239842</ItemCode>
      <ItemType>1</ItemType>
      <ItemName>נתחי פילה דג בציפוי פריך 250גר</ItemName>
      <ManufactureName>פוד קולקשן בעמ</ManufactureName>
      <ManufactureCountry />
      <ManufactureItemDescription />
      <UnitQty>י"ח</UnitQty>
      <Quantity>250</Quantity>
      <UnitMeasure>ל  גרם</UnitMeasure>
      <BisWeighted>0</BisWeighted>
      <QtyInPackage>1</QtyInPackage>
      <ItemPrice>18.90</ItemPrice>
      <UnitOfMeasurePrice>7.56</UnitOfMeasurePrice>
      <AllowDiscount>0</AllowDiscount>
      <itemStatus>1</itemStatus>
      <LastUpdateDate />
      <LastUpdateTime />
    </Product>
    <Product>
      <PriceUpdateDate>2020/04/27 08:21</PriceUpdateDate>
      <ItemCode>7290017239859</ItemCode>
      <ItemType>1</ItemType>
      <ItemName>פילה דג מצופה 400גר</ItemName>
      <ManufactureName>פוד קולקשן בעמ</ManufactureName>
      <ManufactureCountry />
      <ManufactureItemDescription />
      <UnitQty>י"ח</UnitQty>
      <Quantity>400</Quantity>
      <UnitMeasure>ל  גרם</UnitMeasure>
      <BisWeighted>0</BisWeighted>
      <QtyInPackage>1</QtyInPackage>
      <ItemPrice>31.90</ItemPrice>
      <UnitOfMeasurePrice>7.98</UnitOfMeasurePrice>
      <AllowDiscount>0</AllowDiscount>
      <itemStatus>1</itemStatus>
      <LastUpdateDate />
      <LastUpdateTime />
    </Product>
    <Product>
      <PriceUpdateDate>2019/01/13 11:56</PriceUpdateDate>
      <ItemCode>7290017289175</ItemCode>
      <ItemType>1</ItemType>
      <ItemName>יין פטיט סירה סדרת ישראלי 750מ"ל.</ItemName>
      <ManufactureName>יקבי טפרברג 1870 בעמ</ManufactureName>
      <ManufactureCountry />
      <ManufactureItemDescription />
      <UnitQty>י"ח</UnitQty>
      <Quantity>750</Quantity>
      <UnitMeasure>ל  מ"ל</UnitMeasure>
      <BisWeighted>0</BisWeighted>
      <QtyInPackage>1</QtyInPackage>
      <ItemPrice>21.20</ItemPrice>
      <UnitOfMeasurePrice>2.79</UnitOfMeasurePrice>
      <AllowDiscount>1</AllowDiscount>
      <itemStatus>1</itemStatus>
      <LastUpdateDate />
      <LastUpdateTime />
    </Product>
    <Product>
      <PriceUpdateDate>2019/10/27 14:51</PriceUpdateDate>
      <ItemCode>7290017296128</ItemCode>
      <ItemType>1</ItemType>
      <ItemName>סבון 500מ"ל כחול שלישייה פנינה</ItemName>
      <ManufactureName>פנינה רוזנבלום בעמ</ManufactureName>
      <ManufactureCountry />
      <ManufactureItemDescription />
      <UnitQty>י"ח</UnitQty>
      <Quantity>0.50</Quantity>
      <UnitMeasure>ליטר</UnitMeasure>
      <BisWeighted>0</BisWeighted>
      <QtyInPackage>1</QtyInPackage>
      <ItemPrice>14.90</ItemPrice>
      <UnitOfMeasurePrice>29.80</UnitOfMeasurePrice>
      <AllowDiscount>1</AllowDiscount>
      <itemStatus>1</itemStatus>
      <LastUpdateDate />
      <LastUpdateTime />
    </Product>
    <Product>
      <PriceUpdateDate>2019/10/27 14:51</PriceUpdateDate>
      <ItemCode>7290017296135</ItemCode>
      <ItemType>1</ItemType>
      <ItemName>סבון 500מ"ל ורוד שלישייה פנינה</ItemName>
      <ManufactureName>פנינה רוזנבלום בעמ</ManufactureName>
      <ManufactureCountry />
      <ManufactureItemDescription />
      <UnitQty>י"ח</UnitQty>
      <Quantity>0.50</Quantity>
      <UnitMeasure>ליטר</UnitMeasure>
      <BisWeighted>0</BisWeighted>
      <QtyInPackage>1</QtyInPackage>
      <ItemPrice>14.90</ItemPrice>
      <UnitOfMeasurePrice>29.80</UnitOfMeasurePrice>
      <AllowDiscount>1</AllowDiscount>
      <itemStatus>1</itemStatus>
      <LastUpdateDate />
      <LastUpdateTime />
    </Product>
    <Product>
      <PriceUpdateDate>2020/04/27 13:33</PriceUpdateDate>
      <ItemCode>7290017304519</ItemCode>
      <ItemType>1</ItemType>
      <ItemName>חלה חצי מתוקה ארוזה אנגל.</ItemName>
      <ManufactureName>שלמה א.אנג ל בעמ</ManufactureName>
      <ManufactureCountry />
      <ManufactureItemDescription />
      <UnitQty>י"ח</UnitQty>
      <Quantity>500</Quantity>
      <UnitMeasure>ל  גרם</UnitMeasure>
      <BisWeighted>0</BisWeighted>
      <QtyInPackage>1</QtyInPackage>
      <ItemPrice>13.90</ItemPrice>
      <UnitOfMeasurePrice>2.78</UnitOfMeasurePrice>
      <AllowDiscount>0</AllowDiscount>
      <itemStatus>1</itemStatus>
      <LastUpdateDate />
      <LastUpdateTime />
    </Product>
    <Product>
      <PriceUpdateDate>2020/04/30 16:00</PriceUpdateDate>
      <ItemCode>7290017332000</ItemCode>
      <ItemType>1</ItemType>
      <ItemName>פס גבינה 500גר לייבוביץ</ItemName>
      <ManufactureName>לייבוביץ</ManufactureName>
      <ManufactureCountry />
      <ManufactureItemDescription />
      <UnitQty>י"ח</UnitQty>
      <Quantity>500</Quantity>
      <UnitMeasure>ל  גרם</UnitMeasure>
      <BisWeighted>0</BisWeighted>
      <QtyInPackage>1</QtyInPackage>
      <ItemPrice>34.90</ItemPrice>
      <UnitOfMeasurePrice>6.98</UnitOfMeasurePrice>
      <AllowDiscount>1</AllowDiscount>
      <itemStatus>1</itemStatus>
      <LastUpdateDate />
      <LastUpdateTime />
    </Product>
    <Product>
      <PriceUpdateDate>2020/04/03 11:13</PriceUpdateDate>
      <ItemCode>7290017374338</ItemCode>
      <ItemType>1</ItemType>
      <ItemName>כפפות וניטריל שחורות M</ItemName>
      <ManufactureName>מ.א.ייצור ויבוא</ManufactureName>
      <ManufactureCountry />
      <ManufactureItemDescription />
      <UnitQty>י"ח</UnitQty>
      <Quantity>100</Quantity>
      <UnitMeasure>י"ח</UnitMeasure>
      <BisWeighted>0</BisWeighted>
      <QtyInPackage>1</QtyInPackage>
      <ItemPrice>24.90</ItemPrice>
      <UnitOfMeasurePrice>0.25</UnitOfMeasurePrice>
      <AllowDiscount>0</AllowDiscount>
      <itemStatus>1</itemStatus>
      <LastUpdateDate />
      <LastUpdateTime />
    </Product>
    <Product>
      <PriceUpdateDate>2020/04/03 11:13</PriceUpdateDate>
      <ItemCode>7290017374345</ItemCode>
      <ItemType>1</ItemType>
      <ItemName>כפפות וניטריל שחורות L</ItemName>
      <ManufactureName>מ.א.ייצור ויבוא</ManufactureName>
      <ManufactureCountry />
      <ManufactureItemDescription />
      <UnitQty>י"ח</UnitQty>
      <Quantity>100</Quantity>
      <UnitMeasure>י"ח</UnitMeasure>
      <BisWeighted>0</BisWeighted>
      <QtyInPackage>1</QtyInPackage>
      <ItemPrice>24.90</ItemPrice>
      <UnitOfMeasurePrice>0.25</UnitOfMeasurePrice>
      <AllowDiscount>0</AllowDiscount>
      <itemStatus>1</itemStatus>
      <LastUpdateDate />
      <LastUpdateTime />
    </Product>
    <Product>
      <PriceUpdateDate>2018/03/15 09:40</PriceUpdateDate>
      <ItemCode>7290017374390</ItemCode>
      <ItemType>1</ItemType>
      <ItemName>שירותון מפואר.</ItemName>
      <ManufactureName>*** מ.א.ייצור ויבוא מטליות</ManufactureName>
      <ManufactureCountry />
      <ManufactureItemDescription />
      <UnitQty>י"ח</UnitQty>
      <Quantity>1</Quantity>
      <UnitMeasure />
      <BisWeighted>0</BisWeighted>
      <QtyInPackage>1</QtyInPackage>
      <ItemPrice>20</ItemPrice>
      <UnitOfMeasurePrice>20</UnitOfMeasurePrice>
      <AllowDiscount>0</AllowDiscount>
      <itemStatus>1</itemStatus>
      <LastUpdateDate />
      <LastUpdateTime />
    </Product>
    <Product>
      <PriceUpdateDate>2019/06/26 07:19</PriceUpdateDate>
      <ItemCode>7290017440279</ItemCode>
      <ItemType>1</ItemType>
      <ItemName>אל סבון קידס 750מ"ל</ItemName>
      <ManufactureName>פישר תעשיות פרמבצטיות בעמ</ManufactureName>
      <ManufactureCountry />
      <ManufactureItemDescription />
      <UnitQty>י"ח</UnitQty>
      <Quantity>750</Quantity>
      <UnitMeasure>ל  מ"ל</UnitMeasure>
      <BisWeighted>0</BisWeighted>
      <QtyInPackage>1</QtyInPackage>
      <ItemPrice>16.90</ItemPrice>
      <UnitOfMeasurePrice>2.25</UnitOfMeasurePrice>
      <AllowDiscount>0</AllowDiscount>
      <itemStatus>1</itemStatus>
      <LastUpdateDate />
      <LastUpdateTime />
    </Product>
    <Product>
      <PriceUpdateDate>2020/01/07 09:27</PriceUpdateDate>
      <ItemCode>7290017476971</ItemCode>
      <ItemType>1</ItemType>
      <ItemName>חומוס גדול 1 ק``ג זיפר שקדיה</ItemName>
      <ManufactureName>דין שיווק וקליהבעמ</ManufactureName>
      <ManufactureCountry />
      <ManufactureItemDescription />
      <UnitQty>י"ח</UnitQty>
      <Quantity>1</Quantity>
      <UnitMeasure>ק"ג</UnitMeasure>
      <BisWeighted>0</BisWeighted>
      <QtyInPackage>1</QtyInPackage>
      <ItemPrice>12.90</ItemPrice>
      <UnitOfMeasurePrice>12.90</UnitOfMeasurePrice>
      <AllowDiscount>0</AllowDiscount>
      <itemStatus>1</itemStatus>
      <LastUpdateDate />
      <LastUpdateTime />
    </Product>
    <Product>
      <PriceUpdateDate>2020/01/07 09:27</PriceUpdateDate>
      <ItemCode>7290017476995</ItemCode>
      <ItemType>1</ItemType>
      <ItemName>חיטה 1 ק``ג זיפר שקדיה</ItemName>
      <ManufactureName>דין שיווק וקליהבעמ</ManufactureName>
      <ManufactureCountry />
      <ManufactureItemDescription />
      <UnitQty>י"ח</UnitQty>
      <Quantity>1</Quantity>
      <UnitMeasure>ק"ג</UnitMeasure>
      <BisWeighted>0</BisWeighted>
      <QtyInPackage>1</QtyInPackage>
      <ItemPrice>7.90</ItemPrice>
      <UnitOfMeasurePrice>7.90</UnitOfMeasurePrice>
      <AllowDiscount>0</AllowDiscount>
      <itemStatus>1</itemStatus>
      <LastUpdateDate />
      <LastUpdateTime />
    </Product>
    <Product>
      <PriceUpdateDate>2020/01/07 09:27</PriceUpdateDate>
      <ItemCode>7290017477008</ItemCode>
      <ItemType>1</ItemType>
      <ItemName>כוסמת 1 ק``ג זיפר שקדיה</ItemName>
      <ManufactureName>דין שיווק וקליהבעמ</ManufactureName>
      <ManufactureCountry />
      <ManufactureItemDescription />
      <UnitQty>י"ח</UnitQty>
      <Quantity>1</Quantity>
      <UnitMeasure>ק"ג</UnitMeasure>
      <BisWeighted>0</BisWeighted>
      <QtyInPackage>1</QtyInPackage>
      <ItemPrice>11.90</ItemPrice>
      <UnitOfMeasurePrice>11.90</UnitOfMeasurePrice>
      <AllowDiscount>0</AllowDiscount>
      <itemStatus>1</itemStatus>
      <LastUpdateDate />
      <LastUpdateTime />
    </Product>
    <Product>
      <PriceUpdateDate>2020/01/07 09:27</PriceUpdateDate>
      <ItemCode>7290017477022</ItemCode>
      <ItemType>1</ItemType>
      <ItemName>עדשים ירוקים 1 ק``ג זיפר שקדיה</ItemName>
      <ManufactureName>דין שיווק וקליהבעמ</ManufactureName>
      <ManufactureCountry />
      <ManufactureItemDescription />
      <UnitQty>י"ח</UnitQty>
      <Quantity>1</Quantity>
      <UnitMeasure>ק"ג</UnitMeasure>
      <BisWeighted>0</BisWeighted>
      <QtyInPackage>1</QtyInPackage>
      <ItemPrice>8.90</ItemPrice>
      <UnitOfMeasurePrice>8.90</UnitOfMeasurePrice>
      <AllowDiscount>0</AllowDiscount>
      <itemStatus>1</itemStatus>
      <LastUpdateDate />
      <LastUpdateTime />
    </Product>
    <Product>
      <PriceUpdateDate>2018/04/13 09:47</PriceUpdateDate>
      <ItemCode>7290017477169</ItemCode>
      <ItemType>1</ItemType>
      <ItemName>קשיו 250ג ששון הקולה</ItemName>
      <ManufactureName>דין שיווק וקליהבעמ</ManufactureName>
      <ManufactureCountry />
      <ManufactureItemDescription />
      <UnitQty>י"ח</UnitQty>
      <Quantity>250</Quantity>
      <UnitMeasure>ל  גרם</UnitMeasure>
      <BisWeighted>0</BisWeighted>
      <QtyInPackage>1</QtyInPackage>
      <ItemPrice>19.90</ItemPrice>
      <UnitOfMeasurePrice>7.96</UnitOfMeasurePrice>
      <AllowDiscount>0</AllowDiscount>
      <itemStatus>1</itemStatus>
      <LastUpdateDate />
      <LastUpdateTime />
    </Product>
    <Product>
      <PriceUpdateDate>2019/07/28 10:06</PriceUpdateDate>
      <ItemCode>7290017504001</ItemCode>
      <ItemType>1</ItemType>
      <ItemName>פטריות שמפיניון ארוז</ItemName>
      <ManufactureName>ביכורי הנגב מ.ד בעמ</ManufactureName>
      <ManufactureCountry />
      <ManufactureItemDescription />
      <UnitQty>י"ח</UnitQty>
      <Quantity>1</Quantity>
      <UnitMeasure />
      <BisWeighted>0</BisWeighted>
      <QtyInPackage>1</QtyInPackage>
      <ItemPrice>10.90</ItemPrice>
      <UnitOfMeasurePrice>10.90</UnitOfMeasurePrice>
      <AllowDiscount>1</AllowDiscount>
      <itemStatus>1</itemStatus>
      <LastUpdateDate />
      <LastUpdateTime />
    </Product>
    <Product>
      <PriceUpdateDate>2019/07/30 13:41</PriceUpdateDate>
      <ItemCode>7290017504032</ItemCode>
      <ItemType>1</ItemType>
      <ItemName>פטריות  500גר.</ItemName>
      <ManufactureName>ביכורי הנגב מ.ד בעמ</ManufactureName>
      <ManufactureCountry />
      <ManufactureItemDescription />
      <UnitQty>י"ח</UnitQty>
      <Quantity>1</Quantity>
      <UnitMeasure />
      <BisWeighted>0</BisWeighted>
      <QtyInPackage>1</QtyInPackage>
      <ItemPrice>17.90</ItemPrice>
      <UnitOfMeasurePrice>17.90</UnitOfMeasurePrice>
      <AllowDiscount>0</AllowDiscount>
      <itemStatus>1</itemStatus>
      <LastUpdateDate />
      <LastUpdateTime />
    </Product>
    <Product>
      <PriceUpdateDate>2019/03/25 17:55</PriceUpdateDate>
      <ItemCode>7290017540696</ItemCode>
      <ItemType>1</ItemType>
      <ItemName>דפי סויה צבעוניים 17ג</ItemName>
      <ManufactureName>מזרח ומערב יבוא ושיווק</ManufactureName>
      <ManufactureCountry />
      <ManufactureItemDescription />
      <UnitQty>י"ח</UnitQty>
      <Quantity>8</Quantity>
      <UnitMeasure>י"ח</UnitMeasure>
      <BisWeighted>0</BisWeighted>
      <QtyInPackage>1</QtyInPackage>
      <ItemPrice>18.90</ItemPrice>
      <UnitOfMeasurePrice>2.36</UnitOfMeasurePrice>
      <AllowDiscount>0</AllowDiscount>
      <itemStatus>1</itemStatus>
      <LastUpdateDate />
      <LastUpdateTime />
    </Product>
    <Product>
      <PriceUpdateDate>2019/12/16 12:52</PriceUpdateDate>
      <ItemCode>7290017617046</ItemCode>
      <ItemType>1</ItemType>
      <ItemName>סטארקיסט רביעייה בשמן זית 140ג</ItemName>
      <ManufactureName>דיפלומט בעמ</ManufactureName>
      <ManufactureCountry />
      <ManufactureItemDescription />
      <UnitQty>י"ח</UnitQty>
      <Quantity>560</Quantity>
      <UnitMeasure>ל  מ"ל</UnitMeasure>
      <BisWeighted>0</BisWeighted>
      <QtyInPackage>1</QtyInPackage>
      <ItemPrice>27.90</ItemPrice>
      <UnitOfMeasurePrice>4.98</UnitOfMeasurePrice>
      <AllowDiscount>0</AllowDiscount>
      <itemStatus>1</itemStatus>
      <LastUpdateDate />
      <LastUpdateTime />
    </Product>
    <Product>
      <PriceUpdateDate>2020/03/15 19:42</PriceUpdateDate>
      <ItemCode>7290017637150</ItemCode>
      <ItemType>1</ItemType>
      <ItemName>גל אלכוהול נובו 500מ,ל +משאבה</ItemName>
      <ManufactureName>סאסאטק אגשח בעמ</ManufactureName>
      <ManufactureCountry />
      <ManufactureItemDescription />
      <UnitQty>י"ח</UnitQty>
      <Quantity>500</Quantity>
      <UnitMeasure>ל  מ"ל</UnitMeasure>
      <BisWeighted>0</BisWeighted>
      <QtyInPackage>1</QtyInPackage>
      <ItemPrice>29.90</ItemPrice>
      <UnitOfMeasurePrice>5.98</UnitOfMeasurePrice>
      <AllowDiscount>1</AllowDiscount>
      <itemStatus>1</itemStatus>
      <LastUpdateDate />
      <LastUpdateTime />
    </Product>
    <Product>
      <PriceUpdateDate>2019/08/13 12:55</PriceUpdateDate>
      <ItemCode>7290017647128</ItemCode>
      <ItemType>1</ItemType>
      <ItemName>גמלא קברנה סוביניון</ItemName>
      <ManufactureName>היכל היין שקד גולן בעמ</ManufactureName>
      <ManufactureCountry />
      <ManufactureItemDescription />
      <UnitQty>י"ח</UnitQty>
      <Quantity>750</Quantity>
      <UnitMeasure>ל  מ"ל</UnitMeasure>
      <BisWeighted>0</BisWeighted>
      <QtyInPackage>1</QtyInPackage>
      <ItemPrice>59.90</ItemPrice>
      <UnitOfMeasurePrice>7.95</UnitOfMeasurePrice>
      <AllowDiscount>1</AllowDiscount>
      <itemStatus>1</itemStatus>
      <LastUpdateDate />
      <LastUpdateTime />
    </Product>
    <Product>
      <PriceUpdateDate>2019/06/11 09:33</PriceUpdateDate>
      <ItemCode>7290017677804</ItemCode>
      <ItemType>1</ItemType>
      <ItemName>רוטב סויה קיקומן 444מ"ל</ItemName>
      <ManufactureName>דיפלומט בעמ</ManufactureName>
      <ManufactureCountry />
      <ManufactureItemDescription />
      <UnitQty>י"ח</UnitQty>
      <Quantity>444</Quantity>
      <UnitMeasure>ל  מ"ל</UnitMeasure>
      <BisWeighted>0</BisWeighted>
      <QtyInPackage>1</QtyInPackage>
      <ItemPrice>19.90</ItemPrice>
      <UnitOfMeasurePrice>4.48</UnitOfMeasurePrice>
      <AllowDiscount>0</AllowDiscount>
      <itemStatus>1</itemStatus>
      <LastUpdateDate />
      <LastUpdateTime />
    </Product>
    <Product>
      <PriceUpdateDate>2019/01/16 12:38</PriceUpdateDate>
      <ItemCode>7290017687117</ItemCode>
      <ItemType>1</ItemType>
      <ItemName>צלחות פלסטיק עבות במיוחד 1ק"ג</ItemName>
      <ManufactureName>שפע טוב סנטר בעמ</ManufactureName>
      <ManufactureCountry />
      <ManufactureItemDescription />
      <UnitQty>י"ח</UnitQty>
      <Quantity>66</Quantity>
      <UnitMeasure>י"ח</UnitMeasure>
      <BisWeighted>0</BisWeighted>
      <QtyInPackage>1</QtyInPackage>
      <ItemPrice>19.90</ItemPrice>
      <UnitOfMeasurePrice>0.30</UnitOfMeasurePrice>
      <AllowDiscount>1</AllowDiscount>
      <itemStatus>1</itemStatus>
      <LastUpdateDate />
      <LastUpdateTime />
    </Product>
    <Product>
      <PriceUpdateDate>2018/12/11 08:55</PriceUpdateDate>
      <ItemCode>7290017812069</ItemCode>
      <ItemType>1</ItemType>
      <ItemName>יין אקסלנס ריזלינג שרדונה 750מ"</ItemName>
      <ManufactureName>אגודת הכורמים -כרמל מזרחי</ManufactureName>
      <ManufactureCountry />
      <ManufactureItemDescription />
      <UnitQty>י"ח</UnitQty>
      <Quantity>750</Quantity>
      <UnitMeasure>ל  מ"ל</UnitMeasure>
      <BisWeighted>0</BisWeighted>
      <QtyInPackage>1</QtyInPackage>
      <ItemPrice>24.90</ItemPrice>
      <UnitOfMeasurePrice>3.28</UnitOfMeasurePrice>
      <AllowDiscount>1</AllowDiscount>
      <itemStatus>1</itemStatus>
      <LastUpdateDate />
      <LastUpdateTime />
    </Product>
    <Product>
      <PriceUpdateDate>2020/02/10 09:10</PriceUpdateDate>
      <ItemCode>7290017812588</ItemCode>
      <ItemType>1</ItemType>
      <ItemName>תירוש לבן ליטר חדש</ItemName>
      <ManufactureName>אגודת הכורמים -כרמל מזרחי</ManufactureName>
      <ManufactureCountry />
      <ManufactureItemDescription />
      <UnitQty>י"ח</UnitQty>
      <Quantity>1</Quantity>
      <UnitMeasure>ליטר</UnitMeasure>
      <BisWeighted>0</BisWeighted>
      <QtyInPackage>1</QtyInPackage>
      <ItemPrice>17.90</ItemPrice>
      <UnitOfMeasurePrice>17.90</UnitOfMeasurePrice>
      <AllowDiscount>0</AllowDiscount>
      <itemStatus>1</itemStatus>
      <LastUpdateDate />
      <LastUpdateTime />
    </Product>
    <Product>
      <PriceUpdateDate>2020/02/10 09:10</PriceUpdateDate>
      <ItemCode>7290017812618</ItemCode>
      <ItemType>1</ItemType>
      <ItemName>תירוש רוזה 1ליטר חדש</ItemName>
      <ManufactureName>אגודת הכורמים -כרמל מזרחי</ManufactureName>
      <ManufactureCountry />
      <ManufactureItemDescription />
      <UnitQty>י"ח</UnitQty>
      <Quantity>1</Quantity>
      <UnitMeasure>ליטר</UnitMeasure>
      <BisWeighted>0</BisWeighted>
      <QtyInPackage>1</QtyInPackage>
      <ItemPrice>17.90</ItemPrice>
      <UnitOfMeasurePrice>17.90</UnitOfMeasurePrice>
      <AllowDiscount>0</AllowDiscount>
      <itemStatus>1</itemStatus>
      <LastUpdateDate />
      <LastUpdateTime />
    </Product>
    <Product>
      <PriceUpdateDate>2019/05/22 07:30</PriceUpdateDate>
      <ItemCode>7290017816005</ItemCode>
      <ItemType>1</ItemType>
      <ItemName>בייגלה כוסמין שמיניות שומשום 300ג</ItemName>
      <ManufactureName>גורי מוצרי צריכה בעמ</ManufactureName>
      <ManufactureCountry />
      <ManufactureItemDescription />
      <UnitQty>י"ח</UnitQty>
      <Quantity>300</Quantity>
      <UnitMeasure>ל  מ"ל</UnitMeasure>
      <BisWeighted>0</BisWeighted>
      <QtyInPackage>1</QtyInPackage>
      <ItemPrice>14.90</ItemPrice>
      <UnitOfMeasurePrice>4.97</UnitOfMeasurePrice>
      <AllowDiscount>0</AllowDiscount>
      <itemStatus>1</itemStatus>
      <LastUpdateDate />
      <LastUpdateTime />
    </Product>
    <Product>
      <PriceUpdateDate>2019/05/22 07:30</PriceUpdateDate>
      <ItemCode>7290017816012</ItemCode>
      <ItemType>1</ItemType>
      <ItemName>קרם קרקר כוסמין 250ג</ItemName>
      <ManufactureName>גורי מוצרי צריכה בעמ</ManufactureName>
      <ManufactureCountry />
      <ManufactureItemDescription />
      <UnitQty>י"ח</UnitQty>
      <Quantity>250</Quantity>
      <UnitMeasure>ל  מ"ל</UnitMeasure>
      <BisWeighted>0</BisWeighted>
      <QtyInPackage>1</QtyInPackage>
      <ItemPrice>15.90</ItemPrice>
      <UnitOfMeasurePrice>6.36</UnitOfMeasurePrice>
      <AllowDiscount>0</AllowDiscount>
      <itemStatus>1</itemStatus>
      <LastUpdateDate />
      <LastUpdateTime />
    </Product>
    <Product>
      <PriceUpdateDate>2020/04/27 08:18</PriceUpdateDate>
      <ItemCode>7290017841267</ItemCode>
      <ItemType>1</ItemType>
      <ItemName>צלחת קטנה 1ק``ג שווה</ItemName>
      <ManufactureName>ח.כהן סוכנות מזון ומשקאות בע</ManufactureName>
      <ManufactureCountry />
      <ManufactureItemDescription />
      <UnitQty>י"ח</UnitQty>
      <Quantity>1</Quantity>
      <UnitMeasure>י"ח</UnitMeasure>
      <BisWeighted>0</BisWeighted>
      <QtyInPackage>1</QtyInPackage>
      <ItemPrice>20.90</ItemPrice>
      <UnitOfMeasurePrice>20.90</UnitOfMeasurePrice>
      <AllowDiscount>1</AllowDiscount>
      <itemStatus>1</itemStatus>
      <LastUpdateDate />
      <LastUpdateTime />
    </Product>
    <Product>
      <PriceUpdateDate>2020/04/27 08:18</PriceUpdateDate>
      <ItemCode>7290017841809</ItemCode>
      <ItemType>1</ItemType>
      <ItemName>חמאת בוטנים 100%טבעית 510ג שווה</ItemName>
      <ManufactureName>ח.כהן סוכנות מזון ומשקאות בע</ManufactureName>
      <ManufactureCountry />
      <ManufactureItemDescription />
      <UnitQty>י"ח</UnitQty>
      <Quantity>510</Quantity>
      <UnitMeasure>ל  מ"ל</UnitMeasure>
      <BisWeighted>0</BisWeighted>
      <QtyInPackage>1</QtyInPackage>
      <ItemPrice>11.90</ItemPrice>
      <UnitOfMeasurePrice>2.33</UnitOfMeasurePrice>
      <AllowDiscount>1</AllowDiscount>
      <itemStatus>1</itemStatus>
      <LastUpdateDate />
      <LastUpdateTime />
    </Product>
    <Product>
      <PriceUpdateDate>2020/04/27 08:18</PriceUpdateDate>
      <ItemCode>7290017841830</ItemCode>
      <ItemType>1</ItemType>
      <ItemName>קרטיב פיל 50 יח`שווה</ItemName>
      <ManufactureName>ח.כהן סוכנות מזון ומשקאות בע</ManufactureName>
      <ManufactureCountry />
      <ManufactureItemDescription />
      <UnitQty>י"ח</UnitQty>
      <Quantity>50</Quantity>
      <UnitMeasure>י"ח</UnitMeasure>
      <BisWeighted>0</BisWeighted>
      <QtyInPackage>1</QtyInPackage>
      <ItemPrice>10.90</ItemPrice>
      <UnitOfMeasurePrice>0.22</UnitOfMeasurePrice>
      <AllowDiscount>0</AllowDiscount>
      <itemStatus>1</itemStatus>
      <LastUpdateDate />
      <LastUpdateTime />
    </Product>
    <Product>
      <PriceUpdateDate>2020/04/27 08:18</PriceUpdateDate>
      <ItemCode>7290017842134</ItemCode>
      <ItemType>1</ItemType>
      <ItemName>שקיות מזון נייר 50  יח`שווה</ItemName>
      <ManufactureName>ח.כהן סוכנות מזון ומשקאות בע</ManufactureName>
      <ManufactureCountry />
      <ManufactureItemDescription />
      <UnitQty>י"ח</UnitQty>
      <Quantity>1</Quantity>
      <UnitMeasure>י"ח</UnitMeasure>
      <BisWeighted>0</BisWeighted>
      <QtyInPackage>1</QtyInPackage>
      <ItemPrice>6.90</ItemPrice>
      <UnitOfMeasurePrice>6.90</UnitOfMeasurePrice>
      <AllowDiscount>0</AllowDiscount>
      <itemStatus>1</itemStatus>
      <LastUpdateDate />
      <LastUpdateTime />
    </Product>
    <Product>
      <PriceUpdateDate>2020/04/27 08:18</PriceUpdateDate>
      <ItemCode>7290017842141</ItemCode>
      <ItemType>1</ItemType>
      <ItemName>נייר אפייה אקולוגי איכותי 40יח שווה</ItemName>
      <ManufactureName>ח.כהן סוכנות מזון ומשקאות בע</ManufactureName>
      <ManufactureCountry />
      <ManufactureItemDescription />
      <UnitQty>י"ח</UnitQty>
      <Quantity>1</Quantity>
      <UnitMeasure>י"ח</UnitMeasure>
      <BisWeighted>0</BisWeighted>
      <QtyInPackage>1</QtyInPackage>
      <ItemPrice>10.90</ItemPrice>
      <UnitOfMeasurePrice>10.90</UnitOfMeasurePrice>
      <AllowDiscount>1</AllowDiscount>
      <itemStatus>1</itemStatus>
      <LastUpdateDate />
      <LastUpdateTime />
    </Product>
    <Product>
      <PriceUpdateDate>2020/04/27 08:18</PriceUpdateDate>
      <ItemCode>7290017842288</ItemCode>
      <ItemType>1</ItemType>
      <ItemName>מנגל חד פעמי KING GRILL שווה</ItemName>
      <ManufactureName>ח.כהן סוכנות מזון ומשקאות בע</ManufactureName>
      <ManufactureCountry />
      <ManufactureItemDescription />
      <UnitQty>י"ח</UnitQty>
      <Quantity>1</Quantity>
      <UnitMeasure>י"ח</UnitMeasure>
      <BisWeighted>0</BisWeighted>
      <QtyInPackage>1</QtyInPackage>
      <ItemPrice>13.90</ItemPrice>
      <UnitOfMeasurePrice>13.90</UnitOfMeasurePrice>
      <AllowDiscount>0</AllowDiscount>
      <itemStatus>1</itemStatus>
      <LastUpdateDate />
      <LastUpdateTime />
    </Product>
    <Product>
      <PriceUpdateDate>2020/04/27 08:18</PriceUpdateDate>
      <ItemCode>7290017842899</ItemCode>
      <ItemType>1</ItemType>
      <ItemName>כוסות נייר 80Z מתכלות 40יח שווה</ItemName>
      <ManufactureName>ח.כהן סוכנות מזון ומשקאות בע</ManufactureName>
      <ManufactureCountry />
      <ManufactureItemDescription />
      <UnitQty>י"ח</UnitQty>
      <Quantity>1</Quantity>
      <UnitMeasure>י"ח</UnitMeasure>
      <BisWeighted>0</BisWeighted>
      <QtyInPackage>1</QtyInPackage>
      <ItemPrice>9.90</ItemPrice>
      <UnitOfMeasurePrice>9.90</UnitOfMeasurePrice>
      <AllowDiscount>0</AllowDiscount>
      <itemStatus>1</itemStatus>
      <LastUpdateDate />
      <LastUpdateTime />
    </Product>
    <Product>
      <PriceUpdateDate>2020/04/27 08:18</PriceUpdateDate>
      <ItemCode>7290017842905</ItemCode>
      <ItemType>1</ItemType>
      <ItemName>כפות מתכלות CPLA 25יח שווה</ItemName>
      <ManufactureName>ח.כהן סוכנות מזון ומשקאות בע</ManufactureName>
      <ManufactureCountry />
      <ManufactureItemDescription />
      <UnitQty>י"ח</UnitQty>
      <Quantity>1</Quantity>
      <UnitMeasure>י"ח</UnitMeasure>
      <BisWeighted>0</BisWeighted>
      <QtyInPackage>1</QtyInPackage>
      <ItemPrice>7.90</ItemPrice>
      <UnitOfMeasurePrice>7.90</UnitOfMeasurePrice>
      <AllowDiscount>0</AllowDiscount>
      <itemStatus>1</itemStatus>
      <LastUpdateDate />
      <LastUpdateTime />
    </Product>
    <Product>
      <PriceUpdateDate>2020/04/27 08:18</PriceUpdateDate>
      <ItemCode>7290017842912</ItemCode>
      <ItemType>1</ItemType>
      <ItemName>סכינים מתכלות CPLA 25יח שווה</ItemName>
      <ManufactureName>ח.כהן סוכנות מזון ומשקאות בע</ManufactureName>
      <ManufactureCountry />
      <ManufactureItemDescription />
      <UnitQty>י"ח</UnitQty>
      <Quantity>1</Quantity>
      <UnitMeasure>י"ח</UnitMeasure>
      <BisWeighted>0</BisWeighted>
      <QtyInPackage>1</QtyInPackage>
      <ItemPrice>7.90</ItemPrice>
      <UnitOfMeasurePrice>7.90</UnitOfMeasurePrice>
      <AllowDiscount>0</AllowDiscount>
      <itemStatus>1</itemStatus>
      <LastUpdateDate />
      <LastUpdateTime />
    </Product>
    <Product>
      <PriceUpdateDate>2020/04/27 08:18</PriceUpdateDate>
      <ItemCode>7290017842929</ItemCode>
      <ItemType>1</ItemType>
      <ItemName>כפיות קטנות מתכלות CPLA 25יח שווה</ItemName>
      <ManufactureName>ח.כהן סוכנות מזון ומשקאות בע</ManufactureName>
      <ManufactureCountry />
      <ManufactureItemDescription />
      <UnitQty>י"ח</UnitQty>
      <Quantity>1</Quantity>
      <UnitMeasure>י"ח</UnitMeasure>
      <BisWeighted>0</BisWeighted>
      <QtyInPackage>1</QtyInPackage>
      <ItemPrice>5.90</ItemPrice>
      <UnitOfMeasurePrice>5.90</UnitOfMeasurePrice>
      <AllowDiscount>0</AllowDiscount>
      <itemStatus>1</itemStatus>
      <LastUpdateDate />
      <LastUpdateTime />
    </Product>
    <Product>
      <PriceUpdateDate>2020/04/27 08:18</PriceUpdateDate>
      <ItemCode>7290017842936</ItemCode>
      <ItemType>1</ItemType>
      <ItemName>מזלגות מתכלות CPLA 25יח שווה</ItemName>
      <ManufactureName>ח.כהן סוכנות מזון ומשקאות בע</ManufactureName>
      <ManufactureCountry />
      <ManufactureItemDescription />
      <UnitQty>י"ח</UnitQty>
      <Quantity>1</Quantity>
      <UnitMeasure>י"ח</UnitMeasure>
      <BisWeighted>0</BisWeighted>
      <QtyInPackage>1</QtyInPackage>
      <ItemPrice>7.90</ItemPrice>
      <UnitOfMeasurePrice>7.90</UnitOfMeasurePrice>
      <AllowDiscount>0</AllowDiscount>
      <itemStatus>1</itemStatus>
      <LastUpdateDate />
      <LastUpdateTime />
    </Product>
    <Product>
      <PriceUpdateDate>2020/04/28 08:15</PriceUpdateDate>
      <ItemCode>7290017845050</ItemCode>
      <ItemType>1</ItemType>
      <ItemName>פטריות מוגו</ItemName>
      <ManufactureName>ביכורי הנגב מ.ד בעמ</ManufactureName>
      <ManufactureCountry />
      <ManufactureItemDescription />
      <UnitQty>י"ח</UnitQty>
      <Quantity>1</Quantity>
      <UnitMeasure />
      <BisWeighted>0</BisWeighted>
      <QtyInPackage>1</QtyInPackage>
      <ItemPrice>19.90</ItemPrice>
      <UnitOfMeasurePrice>19.90</UnitOfMeasurePrice>
      <AllowDiscount>0</AllowDiscount>
      <itemStatus>1</itemStatus>
      <LastUpdateDate />
      <LastUpdateTime />
    </Product>
    <Product>
      <PriceUpdateDate>2020/04/28 08:15</PriceUpdateDate>
      <ItemCode>7290017845067</ItemCode>
      <ItemType>1</ItemType>
      <ItemName>פטריות פורטובלה XL</ItemName>
      <ManufactureName>ביכורי הנגב מ.ד בעמ</ManufactureName>
      <ManufactureCountry />
      <ManufactureItemDescription />
      <UnitQty>י"ח</UnitQty>
      <Quantity>1</Quantity>
      <UnitMeasure />
      <BisWeighted>0</BisWeighted>
      <QtyInPackage>1</QtyInPackage>
      <ItemPrice>19.90</ItemPrice>
      <UnitOfMeasurePrice>19.90</UnitOfMeasurePrice>
      <AllowDiscount>0</AllowDiscount>
      <itemStatus>1</itemStatus>
      <LastUpdateDate />
      <LastUpdateTime />
    </Product>
    <Product>
      <PriceUpdateDate>2020/04/28 08:15</PriceUpdateDate>
      <ItemCode>7290017845074</ItemCode>
      <ItemType>1</ItemType>
      <ItemName>פטריות שמפיניון XL</ItemName>
      <ManufactureName>ביכורי הנגב מ.ד בעמ</ManufactureName>
      <ManufactureCountry />
      <ManufactureItemDescription />
      <UnitQty>י"ח</UnitQty>
      <Quantity>1</Quantity>
      <UnitMeasure />
      <BisWeighted>0</BisWeighted>
      <QtyInPackage>1</QtyInPackage>
      <ItemPrice>19.90</ItemPrice>
      <UnitOfMeasurePrice>19.90</UnitOfMeasurePrice>
      <AllowDiscount>0</AllowDiscount>
      <itemStatus>1</itemStatus>
      <LastUpdateDate />
      <LastUpdateTime />
    </Product>
    <Product>
      <PriceUpdateDate>2019/02/17 18:14</PriceUpdateDate>
      <ItemCode>7290017845203</ItemCode>
      <ItemType>1</ItemType>
      <ItemName>פטריות שמפיניון בודד</ItemName>
      <ManufactureName>ביכורי הנגב מ.ד בעמ</ManufactureName>
      <ManufactureCountry />
      <ManufactureItemDescription />
      <UnitQty>י"ח</UnitQty>
      <Quantity>1</Quantity>
      <UnitMeasure />
      <BisWeighted>0</BisWeighted>
      <QtyInPackage>1</QtyInPackage>
      <ItemPrice>10.90</ItemPrice>
      <UnitOfMeasurePrice>10.90</UnitOfMeasurePrice>
      <AllowDiscount>1</AllowDiscount>
      <itemStatus>1</itemStatus>
      <LastUpdateDate />
      <LastUpdateTime />
    </Product>
    <Product>
      <PriceUpdateDate>2020/03/12 10:30</PriceUpdateDate>
      <ItemCode>7290017864204</ItemCode>
      <ItemType>1</ItemType>
      <ItemName>שיני שום קלוף תקומה</ItemName>
      <ManufactureName>ביכורי הנגב מ.ד בעמ</ManufactureName>
      <ManufactureCountry />
      <ManufactureItemDescription />
      <UnitQty>י"ח</UnitQty>
      <Quantity>1</Quantity>
      <UnitMeasure />
      <BisWeighted>0</BisWeighted>
      <QtyInPackage>1</QtyInPackage>
      <ItemPrice>11.90</ItemPrice>
      <UnitOfMeasurePrice>11.90</UnitOfMeasurePrice>
      <AllowDiscount>0</AllowDiscount>
      <itemStatus>1</itemStatus>
      <LastUpdateDate />
      <LastUpdateTime />
    </Product>
    <Product>
      <PriceUpdateDate>2020/04/21 09:05</PriceUpdateDate>
      <ItemCode>7290017864471</ItemCode>
      <ItemType>1</ItemType>
      <ItemName>עלי בייבי250ג</ItemName>
      <ManufactureName>ביכורי הנגב מ.ד בעמ</ManufactureName>
      <ManufactureCountry />
      <ManufactureItemDescription />
      <UnitQty>י"ח</UnitQty>
      <Quantity>250</Quantity>
      <UnitMeasure>ל  גרם</UnitMeasure>
      <BisWeighted>0</BisWeighted>
      <QtyInPackage>1</QtyInPackage>
      <ItemPrice>14.90</ItemPrice>
      <UnitOfMeasurePrice>5.96</UnitOfMeasurePrice>
      <AllowDiscount>1</AllowDiscount>
      <itemStatus>1</itemStatus>
      <LastUpdateDate />
      <LastUpdateTime />
    </Product>
    <Product>
      <PriceUpdateDate>2020/04/21 09:05</PriceUpdateDate>
      <ItemCode>7290017864549</ItemCode>
      <ItemType>1</ItemType>
      <ItemName>רוקולה 250גר</ItemName>
      <ManufactureName>ביכורי הנגב מ.ד בעמ</ManufactureName>
      <ManufactureCountry />
      <ManufactureItemDescription />
      <UnitQty>י"ח</UnitQty>
      <Quantity>250</Quantity>
      <UnitMeasure>ל  גרם</UnitMeasure>
      <BisWeighted>0</BisWeighted>
      <QtyInPackage>1</QtyInPackage>
      <ItemPrice>14.90</ItemPrice>
      <UnitOfMeasurePrice>5.96</UnitOfMeasurePrice>
      <AllowDiscount>0</AllowDiscount>
      <itemStatus>1</itemStatus>
      <LastUpdateDate />
      <LastUpdateTime />
    </Product>
    <Product>
      <PriceUpdateDate>2020/04/21 09:05</PriceUpdateDate>
      <ItemCode>7290017864556</ItemCode>
      <ItemType>1</ItemType>
      <ItemName>בייבי תרד 250גר</ItemName>
      <ManufactureName>ביכורי הנגב מ.ד בעמ</ManufactureName>
      <ManufactureCountry />
      <ManufactureItemDescription />
      <UnitQty>י"ח</UnitQty>
      <Quantity>1</Quantity>
      <UnitMeasure />
      <BisWeighted>0</BisWeighted>
      <QtyInPackage>1</QtyInPackage>
      <ItemPrice>14.90</ItemPrice>
      <UnitOfMeasurePrice>14.90</UnitOfMeasurePrice>
      <AllowDiscount>0</AllowDiscount>
      <itemStatus>1</itemStatus>
      <LastUpdateDate />
      <LastUpdateTime />
    </Product>
    <Product>
      <PriceUpdateDate>2020/02/16 14:22</PriceUpdateDate>
      <ItemCode>7290017871370</ItemCode>
      <ItemType>1</ItemType>
      <ItemName>סבון ידיים מ.בשמן אבוקדו 500מ``ל פמלי</ItemName>
      <ManufactureName>דנשר (1963) בעמ</ManufactureName>
      <ManufactureCountry />
      <ManufactureItemDescription />
      <UnitQty>י"ח</UnitQty>
      <Quantity>500</Quantity>
      <UnitMeasure>ל  מ"ל</UnitMeasure>
      <BisWeighted>0</BisWeighted>
      <QtyInPackage>1</QtyInPackage>
      <ItemPrice>9.90</ItemPrice>
      <UnitOfMeasurePrice>1.98</UnitOfMeasurePrice>
      <AllowDiscount>0</AllowDiscount>
      <itemStatus>1</itemStatus>
      <LastUpdateDate />
      <LastUpdateTime />
    </Product>
    <Product>
      <PriceUpdateDate>2020/02/16 14:22</PriceUpdateDate>
      <ItemCode>7290017871387</ItemCode>
      <ItemType>1</ItemType>
      <ItemName>סבון ידיים מ.בשמן זית 500מ``ל פמלי</ItemName>
      <ManufactureName>דנשר (1963) בעמ</ManufactureName>
      <ManufactureCountry />
      <ManufactureItemDescription />
      <UnitQty>י"ח</UnitQty>
      <Quantity>500</Quantity>
      <UnitMeasure>ל  מ"ל</UnitMeasure>
      <BisWeighted>0</BisWeighted>
      <QtyInPackage>1</QtyInPackage>
      <ItemPrice>9.90</ItemPrice>
      <UnitOfMeasurePrice>1.98</UnitOfMeasurePrice>
      <AllowDiscount>0</AllowDiscount>
      <itemStatus>1</itemStatus>
      <LastUpdateDate />
      <LastUpdateTime />
    </Product>
    <Product>
      <PriceUpdateDate>2020/01/20 09:40</PriceUpdateDate>
      <ItemCode>7290017871769</ItemCode>
      <ItemType>1</ItemType>
      <ItemName>גליליות בטעם שוקולד לל``ס 100 גרם טוסו</ItemName>
      <ManufactureName>דנשר (1963) בעמ</ManufactureName>
      <ManufactureCountry />
      <ManufactureItemDescription />
      <UnitQty>י"ח</UnitQty>
      <Quantity>100</Quantity>
      <UnitMeasure>ל  גרם</UnitMeasure>
      <BisWeighted>0</BisWeighted>
      <QtyInPackage>1</QtyInPackage>
      <ItemPrice>10.90</ItemPrice>
      <UnitOfMeasurePrice>10.90</UnitOfMeasurePrice>
      <AllowDiscount>1</AllowDiscount>
      <itemStatus>1</itemStatus>
      <LastUpdateDate />
      <LastUpdateTime />
    </Product>
    <Product>
      <PriceUpdateDate>2019/11/17 11:58</PriceUpdateDate>
      <ItemCode>7290017888118</ItemCode>
      <ItemType>1</ItemType>
      <ItemName>שוופס מוגז עדין אבטיח1.5ל</ItemName>
      <ManufactureName>יפאורה שותפות מוגבלת לשיווק</ManufactureName>
      <ManufactureCountry />
      <ManufactureItemDescription />
      <UnitQty>י"ח</UnitQty>
      <Quantity>1.50</Quantity>
      <UnitMeasure>ליטר</UnitMeasure>
      <BisWeighted>0</BisWeighted>
      <QtyInPackage>1</QtyInPackage>
      <ItemPrice>6.70</ItemPrice>
      <UnitOfMeasurePrice>4.47</UnitOfMeasurePrice>
      <AllowDiscount>1</AllowDiscount>
      <itemStatus>1</itemStatus>
      <LastUpdateDate />
      <LastUpdateTime />
    </Product>
    <Product>
      <PriceUpdateDate>2020/03/18 08:15</PriceUpdateDate>
      <ItemCode>7290017888248</ItemCode>
      <ItemType>1</ItemType>
      <ItemName>מי עדן 1ל פתחון  לב**</ItemName>
      <ManufactureName>יפאורה שותפות מוגבלת לשיווק</ManufactureName>
      <ManufactureCountry />
      <ManufactureItemDescription />
      <UnitQty>י"ח</UnitQty>
      <Quantity>9</Quantity>
      <UnitMeasure>ליטר</UnitMeasure>
      <BisWeighted>0</BisWeighted>
      <QtyInPackage>1</QtyInPackage>
      <ItemPrice>5</ItemPrice>
      <UnitOfMeasurePrice>0.52</UnitOfMeasurePrice>
      <AllowDiscount>0</AllowDiscount>
      <itemStatus>1</itemStatus>
      <LastUpdateDate />
      <LastUpdateTime />
    </Product>
    <Product>
      <PriceUpdateDate>2019/06/11 09:31</PriceUpdateDate>
      <ItemCode>7290017888392</ItemCode>
      <ItemType>1</ItemType>
      <ItemName>תפוזינה אשכוליות  WOW   1.5 ל.</ItemName>
      <ManufactureName>יפאורה שותפות מוגבלת לשיווק</ManufactureName>
      <ManufactureCountry />
      <ManufactureItemDescription />
      <UnitQty>י"ח</UnitQty>
      <Quantity>1.50</Quantity>
      <UnitMeasure>ליטר</UnitMeasure>
      <BisWeighted>0</BisWeighted>
      <QtyInPackage>1</QtyInPackage>
      <ItemPrice>5.90</ItemPrice>
      <UnitOfMeasurePrice>3.93</UnitOfMeasurePrice>
      <AllowDiscount>1</AllowDiscount>
      <itemStatus>1</itemStatus>
      <LastUpdateDate />
      <LastUpdateTime />
    </Product>
    <Product>
      <PriceUpdateDate>2019/07/24 10:31</PriceUpdateDate>
      <ItemCode>7290017917351</ItemCode>
      <ItemType>1</ItemType>
      <ItemName>סרקל שמפו+מרכך 750</ItemName>
      <ManufactureName>פישר תעשיות פרמבצטיות בעמ</ManufactureName>
      <ManufactureCountry />
      <ManufactureItemDescription />
      <UnitQty>י"ח</UnitQty>
      <Quantity>750</Quantity>
      <UnitMeasure>ל  מ"ל</UnitMeasure>
      <BisWeighted>0</BisWeighted>
      <QtyInPackage>1</QtyInPackage>
      <ItemPrice>33.90</ItemPrice>
      <UnitOfMeasurePrice>4.52</UnitOfMeasurePrice>
      <AllowDiscount>0</AllowDiscount>
      <itemStatus>1</itemStatus>
      <LastUpdateDate />
      <LastUpdateTime />
    </Product>
    <Product>
      <PriceUpdateDate>2020/02/03 10:40</PriceUpdateDate>
      <ItemCode>7290017917665</ItemCode>
      <ItemType>1</ItemType>
      <ItemName>שרינק סנסיטיב זוג אל סבון 750 מ``ל</ItemName>
      <ManufactureName>פישר תעשיות פרמבצטיות בעמ</ManufactureName>
      <ManufactureCountry />
      <ManufactureItemDescription />
      <UnitQty>י"ח</UnitQty>
      <Quantity>1</Quantity>
      <UnitMeasure />
      <BisWeighted>0</BisWeighted>
      <QtyInPackage>1</QtyInPackage>
      <ItemPrice>33.90</ItemPrice>
      <UnitOfMeasurePrice>33.90</UnitOfMeasurePrice>
      <AllowDiscount>0</AllowDiscount>
      <itemStatus>1</itemStatus>
      <LastUpdateDate />
      <LastUpdateTime />
    </Product>
    <Product>
      <PriceUpdateDate>2019/11/12 15:50</PriceUpdateDate>
      <ItemCode>7290017928036</ItemCode>
      <ItemType>1</ItemType>
      <ItemName>מאיר בייגל מקלות גריסיני שומשום 175גר</ItemName>
      <ManufactureName>דיפלומט בעמ</ManufactureName>
      <ManufactureCountry />
      <ManufactureItemDescription />
      <UnitQty>י"ח</UnitQty>
      <Quantity>175</Quantity>
      <UnitMeasure>ל  גרם</UnitMeasure>
      <BisWeighted>0</BisWeighted>
      <QtyInPackage>1</QtyInPackage>
      <ItemPrice>11.90</ItemPrice>
      <UnitOfMeasurePrice>6.80</UnitOfMeasurePrice>
      <AllowDiscount>1</AllowDiscount>
      <itemStatus>1</itemStatus>
      <LastUpdateDate />
      <LastUpdateTime />
    </Product>
    <Product>
      <PriceUpdateDate>2019/12/11 09:01</PriceUpdateDate>
      <ItemCode>7290017928227</ItemCode>
      <ItemType>1</ItemType>
      <ItemName>מאיר בייגל שטוחלה פינוקים 300ג</ItemName>
      <ManufactureName>דיפלומט בעמ</ManufactureName>
      <ManufactureCountry />
      <ManufactureItemDescription />
      <UnitQty>י"ח</UnitQty>
      <Quantity>300</Quantity>
      <UnitMeasure>ל  גרם</UnitMeasure>
      <BisWeighted>0</BisWeighted>
      <QtyInPackage>1</QtyInPackage>
      <ItemPrice>11.90</ItemPrice>
      <UnitOfMeasurePrice>3.97</UnitOfMeasurePrice>
      <AllowDiscount>1</AllowDiscount>
      <itemStatus>1</itemStatus>
      <LastUpdateDate />
      <LastUpdateTime />
    </Product>
    <Product>
      <PriceUpdateDate>2019/12/11 09:01</PriceUpdateDate>
      <ItemCode>7290017928401</ItemCode>
      <ItemType>1</ItemType>
      <ItemName>מאיר בייגל מקלות מלח 330גר</ItemName>
      <ManufactureName>דיפלומט בעמ</ManufactureName>
      <ManufactureCountry />
      <ManufactureItemDescription />
      <UnitQty>י"ח</UnitQty>
      <Quantity>330</Quantity>
      <UnitMeasure>ל  גרם</UnitMeasure>
      <BisWeighted>0</BisWeighted>
      <QtyInPackage>1</QtyInPackage>
      <ItemPrice>11.90</ItemPrice>
      <UnitOfMeasurePrice>3.61</UnitOfMeasurePrice>
      <AllowDiscount>1</AllowDiscount>
      <itemStatus>1</itemStatus>
      <LastUpdateDate />
      <LastUpdateTime />
    </Product>
    <Product>
      <PriceUpdateDate>2019/12/11 09:01</PriceUpdateDate>
      <ItemCode>7290017928418</ItemCode>
      <ItemType>1</ItemType>
      <ItemName>מאיר בייגל שטוחלה מלח  300גר</ItemName>
      <ManufactureName>דיפלומט בעמ</ManufactureName>
      <ManufactureCountry />
      <ManufactureItemDescription />
      <UnitQty>י"ח</UnitQty>
      <Quantity>300</Quantity>
      <UnitMeasure>ל  גרם</UnitMeasure>
      <BisWeighted>0</BisWeighted>
      <QtyInPackage>1</QtyInPackage>
      <ItemPrice>11.90</ItemPrice>
      <UnitOfMeasurePrice>3.97</UnitOfMeasurePrice>
      <AllowDiscount>1</AllowDiscount>
      <itemStatus>1</itemStatus>
      <LastUpdateDate />
      <LastUpdateTime />
    </Product>
    <Product>
      <PriceUpdateDate>2019/12/11 09:01</PriceUpdateDate>
      <ItemCode>7290017928449</ItemCode>
      <ItemType>1</ItemType>
      <ItemName>מאיר בייגל שטוחלה פרו מלח  170גר</ItemName>
      <ManufactureName>דיפלומט בעמ</ManufactureName>
      <ManufactureCountry />
      <ManufactureItemDescription />
      <UnitQty>י"ח</UnitQty>
      <Quantity>170</Quantity>
      <UnitMeasure>ל  גרם</UnitMeasure>
      <BisWeighted>0</BisWeighted>
      <QtyInPackage>1</QtyInPackage>
      <ItemPrice>11.90</ItemPrice>
      <UnitOfMeasurePrice>7</UnitOfMeasurePrice>
      <AllowDiscount>1</AllowDiscount>
      <itemStatus>1</itemStatus>
      <LastUpdateDate />
      <LastUpdateTime />
    </Product>
    <Product>
      <PriceUpdateDate>2019/12/11 09:01</PriceUpdateDate>
      <ItemCode>7290017928616</ItemCode>
      <ItemType>1</ItemType>
      <ItemName>מאיר בייגל שטוחלה שומשום  300גר</ItemName>
      <ManufactureName>דיפלומט בעמ</ManufactureName>
      <ManufactureCountry />
      <ManufactureItemDescription />
      <UnitQty>י"ח</UnitQty>
      <Quantity>300</Quantity>
      <UnitMeasure>ל  גרם</UnitMeasure>
      <BisWeighted>0</BisWeighted>
      <QtyInPackage>1</QtyInPackage>
      <ItemPrice>11.90</ItemPrice>
      <UnitOfMeasurePrice>3.97</UnitOfMeasurePrice>
      <AllowDiscount>1</AllowDiscount>
      <itemStatus>1</itemStatus>
      <LastUpdateDate />
      <LastUpdateTime />
    </Product>
    <Product>
      <PriceUpdateDate>2019/12/11 09:01</PriceUpdateDate>
      <ItemCode>7290017928814</ItemCode>
      <ItemType>1</ItemType>
      <ItemName>מאיר בייגל שטוחלה צ`ילי חריף מתוק 300גר</ItemName>
      <ManufactureName>דיפלומט בעמ</ManufactureName>
      <ManufactureCountry />
      <ManufactureItemDescription />
      <UnitQty>י"ח</UnitQty>
      <Quantity>300</Quantity>
      <UnitMeasure>ל  גרם</UnitMeasure>
      <BisWeighted>0</BisWeighted>
      <QtyInPackage>1</QtyInPackage>
      <ItemPrice>11.90</ItemPrice>
      <UnitOfMeasurePrice>3.97</UnitOfMeasurePrice>
      <AllowDiscount>1</AllowDiscount>
      <itemStatus>1</itemStatus>
      <LastUpdateDate />
      <LastUpdateTime />
    </Product>
    <Product>
      <PriceUpdateDate>2019/12/11 09:01</PriceUpdateDate>
      <ItemCode>7290017928845</ItemCode>
      <ItemType>1</ItemType>
      <ItemName>מאיר בייגל שמיניות פרו מלח   170גר</ItemName>
      <ManufactureName>דיפלומט בעמ</ManufactureName>
      <ManufactureCountry />
      <ManufactureItemDescription />
      <UnitQty>י"ח</UnitQty>
      <Quantity>170</Quantity>
      <UnitMeasure>ל  גרם</UnitMeasure>
      <BisWeighted>0</BisWeighted>
      <QtyInPackage>1</QtyInPackage>
      <ItemPrice>11.90</ItemPrice>
      <UnitOfMeasurePrice>7</UnitOfMeasurePrice>
      <AllowDiscount>1</AllowDiscount>
      <itemStatus>1</itemStatus>
      <LastUpdateDate />
      <LastUpdateTime />
    </Product>
    <Product>
      <PriceUpdateDate>2020/01/13 09:07</PriceUpdateDate>
      <ItemCode>7290017946474</ItemCode>
      <ItemType>1</ItemType>
      <ItemName>הוואי ת. רחצה סודות פולינזיה  700 מ"ל</ItemName>
      <ManufactureName>הנקל סוד בעמ</ManufactureName>
      <ManufactureCountry />
      <ManufactureItemDescription />
      <UnitQty>י"ח</UnitQty>
      <Quantity>700</Quantity>
      <UnitMeasure>ל  מ"ל</UnitMeasure>
      <BisWeighted>0</BisWeighted>
      <QtyInPackage>1</QtyInPackage>
      <ItemPrice>10.90</ItemPrice>
      <UnitOfMeasurePrice>1.56</UnitOfMeasurePrice>
      <AllowDiscount>1</AllowDiscount>
      <itemStatus>1</itemStatus>
      <LastUpdateDate />
      <LastUpdateTime />
    </Product>
    <Product>
      <PriceUpdateDate>2020/02/19 14:31</PriceUpdateDate>
      <ItemCode>7290017947105</ItemCode>
      <ItemType>1</ItemType>
      <ItemName>לחם אנגיל בסגנון אמריקה 500גר</ItemName>
      <ManufactureName>שלמה א.אנג ל בעמ</ManufactureName>
      <ManufactureCountry />
      <ManufactureItemDescription />
      <UnitQty>י"ח</UnitQty>
      <Quantity>500</Quantity>
      <UnitMeasure>ל  גרם</UnitMeasure>
      <BisWeighted>0</BisWeighted>
      <QtyInPackage>1</QtyInPackage>
      <ItemPrice>12.90</ItemPrice>
      <UnitOfMeasurePrice>2.58</UnitOfMeasurePrice>
      <AllowDiscount>0</AllowDiscount>
      <itemStatus>1</itemStatus>
      <LastUpdateDate />
      <LastUpdateTime />
    </Product>
    <Product>
      <PriceUpdateDate>2020/04/27 13:33</PriceUpdateDate>
      <ItemCode>7290017947334</ItemCode>
      <ItemType>1</ItemType>
      <ItemName>חלה טרום נבוטה אנגל.</ItemName>
      <ManufactureName>שלמה א.אנג ל בעמ</ManufactureName>
      <ManufactureCountry />
      <ManufactureItemDescription />
      <UnitQty>י"ח</UnitQty>
      <Quantity>500</Quantity>
      <UnitMeasure>ל  גרם</UnitMeasure>
      <BisWeighted>0</BisWeighted>
      <QtyInPackage>1</QtyInPackage>
      <ItemPrice>13.90</ItemPrice>
      <UnitOfMeasurePrice>2.78</UnitOfMeasurePrice>
      <AllowDiscount>0</AllowDiscount>
      <itemStatus>1</itemStatus>
      <LastUpdateDate />
      <LastUpdateTime />
    </Product>
    <Product>
      <PriceUpdateDate>2020/04/27 13:33</PriceUpdateDate>
      <ItemCode>7290017947341</ItemCode>
      <ItemType>1</ItemType>
      <ItemName>חלה בגט אנגל.</ItemName>
      <ManufactureName>שלמה א.אנג ל בעמ</ManufactureName>
      <ManufactureCountry />
      <ManufactureItemDescription />
      <UnitQty>י"ח</UnitQty>
      <Quantity>500</Quantity>
      <UnitMeasure>ל  גרם</UnitMeasure>
      <BisWeighted>0</BisWeighted>
      <QtyInPackage>1</QtyInPackage>
      <ItemPrice>13.90</ItemPrice>
      <UnitOfMeasurePrice>2.78</UnitOfMeasurePrice>
      <AllowDiscount>0</AllowDiscount>
      <itemStatus>1</itemStatus>
      <LastUpdateDate />
      <LastUpdateTime />
    </Product>
    <Product>
      <PriceUpdateDate>2020/04/27 13:33</PriceUpdateDate>
      <ItemCode>7290017947358</ItemCode>
      <ItemType>1</ItemType>
      <ItemName>חצי חלה פרג אנגל</ItemName>
      <ManufactureName>שלמה א.אנג ל בעמ</ManufactureName>
      <ManufactureCountry />
      <ManufactureItemDescription />
      <UnitQty>י"ח</UnitQty>
      <Quantity>250</Quantity>
      <UnitMeasure>ל  גרם</UnitMeasure>
      <BisWeighted>0</BisWeighted>
      <QtyInPackage>1</QtyInPackage>
      <ItemPrice>7.90</ItemPrice>
      <UnitOfMeasurePrice>3.16</UnitOfMeasurePrice>
      <AllowDiscount>0</AllowDiscount>
      <itemStatus>1</itemStatus>
      <LastUpdateDate />
      <LastUpdateTime />
    </Product>
    <Product>
      <PriceUpdateDate>2020/04/27 13:33</PriceUpdateDate>
      <ItemCode>7290017947365</ItemCode>
      <ItemType>1</ItemType>
      <ItemName>חצי חלה שומשום אנגל</ItemName>
      <ManufactureName>שלמה א.אנג ל בעמ</ManufactureName>
      <ManufactureCountry />
      <ManufactureItemDescription />
      <UnitQty>י"ח</UnitQty>
      <Quantity>250</Quantity>
      <UnitMeasure>ל  גרם</UnitMeasure>
      <BisWeighted>0</BisWeighted>
      <QtyInPackage>1</QtyInPackage>
      <ItemPrice>7.90</ItemPrice>
      <UnitOfMeasurePrice>3.16</UnitOfMeasurePrice>
      <AllowDiscount>0</AllowDiscount>
      <itemStatus>1</itemStatus>
      <LastUpdateDate />
      <LastUpdateTime />
    </Product>
    <Product>
      <PriceUpdateDate>2020/04/27 13:33</PriceUpdateDate>
      <ItemCode>7290017947372</ItemCode>
      <ItemType>1</ItemType>
      <ItemName>חלה מתוקה ארוזה אנגל</ItemName>
      <ManufactureName>שלמה א.אנג ל בעמ</ManufactureName>
      <ManufactureCountry />
      <ManufactureItemDescription />
      <UnitQty>י"ח</UnitQty>
      <Quantity>500</Quantity>
      <UnitMeasure>ל  גרם</UnitMeasure>
      <BisWeighted>0</BisWeighted>
      <QtyInPackage>1</QtyInPackage>
      <ItemPrice>13.90</ItemPrice>
      <UnitOfMeasurePrice>2.78</UnitOfMeasurePrice>
      <AllowDiscount>0</AllowDiscount>
      <itemStatus>1</itemStatus>
      <LastUpdateDate />
      <LastUpdateTime />
    </Product>
    <Product>
      <PriceUpdateDate>2020/04/16 17:37</PriceUpdateDate>
      <ItemCode>7290017947921</ItemCode>
      <ItemType>1</ItemType>
      <ItemName>לחמניות  להמבורגר 450גר.</ItemName>
      <ManufactureName>שלמה א.אנג ל בעמ</ManufactureName>
      <ManufactureCountry />
      <ManufactureItemDescription />
      <UnitQty>י"ח</UnitQty>
      <Quantity>450</Quantity>
      <UnitMeasure>ל  גרם</UnitMeasure>
      <BisWeighted>0</BisWeighted>
      <QtyInPackage>1</QtyInPackage>
      <ItemPrice>11.90</ItemPrice>
      <UnitOfMeasurePrice>2.64</UnitOfMeasurePrice>
      <AllowDiscount>0</AllowDiscount>
      <itemStatus>1</itemStatus>
      <LastUpdateDate />
      <LastUpdateTime />
    </Product>
    <Product>
      <PriceUpdateDate>2020/03/29 15:15</PriceUpdateDate>
      <ItemCode>7290018071038</ItemCode>
      <ItemType>1</ItemType>
      <ItemName>נובי מסיכת פנים ציבעונית לילדים</ItemName>
      <ManufactureName>אינטרסן (1996) בעמ</ManufactureName>
      <ManufactureCountry />
      <ManufactureItemDescription />
      <UnitQty>י"ח</UnitQty>
      <Quantity>5</Quantity>
      <UnitMeasure>י"ח</UnitMeasure>
      <BisWeighted>0</BisWeighted>
      <QtyInPackage>1</QtyInPackage>
      <ItemPrice>34.90</ItemPrice>
      <UnitOfMeasurePrice>6.98</UnitOfMeasurePrice>
      <AllowDiscount>0</AllowDiscount>
      <itemStatus>1</itemStatus>
      <LastUpdateDate />
      <LastUpdateTime />
    </Product>
    <Product>
      <PriceUpdateDate>2020/01/14 09:56</PriceUpdateDate>
      <ItemCode>7290018091609</ItemCode>
      <ItemType>1</ItemType>
      <ItemName>שבלולי שמרים במילוי ממרח שוקולד 350ג.</ItemName>
      <ManufactureName>תנובה בשר</ManufactureName>
      <ManufactureCountry />
      <ManufactureItemDescription />
      <UnitQty>י"ח</UnitQty>
      <Quantity>350</Quantity>
      <UnitMeasure>ל  גרם</UnitMeasure>
      <BisWeighted>0</BisWeighted>
      <QtyInPackage>1</QtyInPackage>
      <ItemPrice>16.90</ItemPrice>
      <UnitOfMeasurePrice>4.83</UnitOfMeasurePrice>
      <AllowDiscount>1</AllowDiscount>
      <itemStatus>1</itemStatus>
      <LastUpdateDate />
      <LastUpdateTime />
    </Product>
    <Product>
      <PriceUpdateDate>2020/01/05 12:38</PriceUpdateDate>
      <ItemCode>7290018131039</ItemCode>
      <ItemType>1</ItemType>
      <ItemName>מאגדת שוקו וניל עוגיות וולנס</ItemName>
      <ManufactureName>נגה גלידות</ManufactureName>
      <ManufactureCountry />
      <ManufactureItemDescription />
      <UnitQty>י"ח</UnitQty>
      <Quantity>1</Quantity>
      <UnitMeasure />
      <BisWeighted>0</BisWeighted>
      <QtyInPackage>1</QtyInPackage>
      <ItemPrice>29.90</ItemPrice>
      <UnitOfMeasurePrice>29.90</UnitOfMeasurePrice>
      <AllowDiscount>0</AllowDiscount>
      <itemStatus>1</itemStatus>
      <LastUpdateDate />
      <LastUpdateTime />
    </Product>
    <Product>
      <PriceUpdateDate>2020/01/05 12:38</PriceUpdateDate>
      <ItemCode>7290018131138</ItemCode>
      <ItemType>1</ItemType>
      <ItemName>לה קרמריה שוקולד וניל  1.4 ליטר</ItemName>
      <ManufactureName>נגה גלידות</ManufactureName>
      <ManufactureCountry />
      <ManufactureItemDescription />
      <UnitQty>י"ח</UnitQty>
      <Quantity>1.40</Quantity>
      <UnitMeasure>ליטר</UnitMeasure>
      <BisWeighted>0</BisWeighted>
      <QtyInPackage>1</QtyInPackage>
      <ItemPrice>22.90</ItemPrice>
      <UnitOfMeasurePrice>16.36</UnitOfMeasurePrice>
      <AllowDiscount>1</AllowDiscount>
      <itemStatus>1</itemStatus>
      <LastUpdateDate />
      <LastUpdateTime />
    </Product>
    <Product>
      <PriceUpdateDate>2020/02/11 09:05</PriceUpdateDate>
      <ItemCode>7290018131312</ItemCode>
      <ItemType>1</ItemType>
      <ItemName>לה קרמריה שוקו פרווה   1.4ליטר</ItemName>
      <ManufactureName>נגה גלידות</ManufactureName>
      <ManufactureCountry />
      <ManufactureItemDescription />
      <UnitQty>י"ח</UnitQty>
      <Quantity>1.40</Quantity>
      <UnitMeasure>ליטר</UnitMeasure>
      <BisWeighted>0</BisWeighted>
      <QtyInPackage>1</QtyInPackage>
      <ItemPrice>22.90</ItemPrice>
      <UnitOfMeasurePrice>16.36</UnitOfMeasurePrice>
      <AllowDiscount>1</AllowDiscount>
      <itemStatus>1</itemStatus>
      <LastUpdateDate />
      <LastUpdateTime />
    </Product>
    <Product>
      <PriceUpdateDate>2020/02/11 09:05</PriceUpdateDate>
      <ItemCode>7290018131343</ItemCode>
      <ItemType>1</ItemType>
      <ItemName>לה קרמריה שוקו חלבי  1.4ליטר</ItemName>
      <ManufactureName>נגה גלידות</ManufactureName>
      <ManufactureCountry />
      <ManufactureItemDescription />
      <UnitQty>י"ח</UnitQty>
      <Quantity>1.40</Quantity>
      <UnitMeasure>ליטר</UnitMeasure>
      <BisWeighted>0</BisWeighted>
      <QtyInPackage>1</QtyInPackage>
      <ItemPrice>22.90</ItemPrice>
      <UnitOfMeasurePrice>16.36</UnitOfMeasurePrice>
      <AllowDiscount>1</AllowDiscount>
      <itemStatus>1</itemStatus>
      <LastUpdateDate />
      <LastUpdateTime />
    </Product>
    <Product>
      <PriceUpdateDate>2020/03/23 15:34</PriceUpdateDate>
      <ItemCode>7290018359020</ItemCode>
      <ItemType>1</ItemType>
      <ItemName>סירופ קידס פטל 1ל</ItemName>
      <ManufactureName>זנלכל בעמ</ManufactureName>
      <ManufactureCountry />
      <ManufactureItemDescription />
      <UnitQty>י"ח</UnitQty>
      <Quantity>1</Quantity>
      <UnitMeasure>ליטר</UnitMeasure>
      <BisWeighted>0</BisWeighted>
      <QtyInPackage>1</QtyInPackage>
      <ItemPrice>10.90</ItemPrice>
      <UnitOfMeasurePrice>10.90</UnitOfMeasurePrice>
      <AllowDiscount>1</AllowDiscount>
      <itemStatus>1</itemStatus>
      <LastUpdateDate />
      <LastUpdateTime />
    </Product>
    <Product>
      <PriceUpdateDate>2014/10/27 16:08</PriceUpdateDate>
      <ItemCode>7290019297543</ItemCode>
      <ItemType>1</ItemType>
      <ItemName>חמאת בוטנים 510גר`</ItemName>
      <ManufactureName>דין שיווק וקליהבעמ</ManufactureName>
      <ManufactureCountry />
      <ManufactureItemDescription />
      <UnitQty>י"ח</UnitQty>
      <Quantity>510</Quantity>
      <UnitMeasure>ל  גרם</UnitMeasure>
      <BisWeighted>0</BisWeighted>
      <QtyInPackage>1</QtyInPackage>
      <ItemPrice>12.90</ItemPrice>
      <UnitOfMeasurePrice>2.53</UnitOfMeasurePrice>
      <AllowDiscount>1</AllowDiscount>
      <itemStatus>1</itemStatus>
      <LastUpdateDate />
      <LastUpdateTime />
    </Product>
    <Product>
      <PriceUpdateDate>2020/01/06 10:35</PriceUpdateDate>
      <ItemCode>7290019297628</ItemCode>
      <ItemType>1</ItemType>
      <ItemName>שקד טבעי 150ג</ItemName>
      <ManufactureName>דין שיווק וקליהבעמ</ManufactureName>
      <ManufactureCountry />
      <ManufactureItemDescription />
      <UnitQty>י"ח</UnitQty>
      <Quantity>150</Quantity>
      <UnitMeasure>ל  גרם</UnitMeasure>
      <BisWeighted>0</BisWeighted>
      <QtyInPackage>1</QtyInPackage>
      <ItemPrice>15.90</ItemPrice>
      <UnitOfMeasurePrice>10.60</UnitOfMeasurePrice>
      <AllowDiscount>0</AllowDiscount>
      <itemStatus>1</itemStatus>
      <LastUpdateDate />
      <LastUpdateTime />
    </Product>
    <Product>
      <PriceUpdateDate>2015/05/14 15:01</PriceUpdateDate>
      <ItemCode>7290019297642</ItemCode>
      <ItemType>1</ItemType>
      <ItemName>גרעין שחור קלוי ללא מלח 150גר ששון הקולה</ItemName>
      <ManufactureName>דין שיווק וקליהבעמ</ManufactureName>
      <ManufactureCountry />
      <ManufactureItemDescription />
      <UnitQty>י"ח</UnitQty>
      <Quantity>150</Quantity>
      <UnitMeasure>ל  גרם</UnitMeasure>
      <BisWeighted>0</BisWeighted>
      <QtyInPackage>1</QtyInPackage>
      <ItemPrice>3.50</ItemPrice>
      <UnitOfMeasurePrice>2.33</UnitOfMeasurePrice>
      <AllowDiscount>0</AllowDiscount>
      <itemStatus>1</itemStatus>
      <LastUpdateDate />
      <LastUpdateTime />
    </Product>
    <Product>
      <PriceUpdateDate>2019/09/22 08:16</PriceUpdateDate>
      <ItemCode>7290022005555</ItemCode>
      <ItemType>1</ItemType>
      <ItemName>תבלין פילדלפיה 120גר</ItemName>
      <ManufactureName>א.ל.יצור ושיווקתבלינים בעמ</ManufactureName>
      <ManufactureCountry />
      <ManufactureItemDescription />
      <UnitQty>י"ח</UnitQty>
      <Quantity>120</Quantity>
      <UnitMeasure>ל  גרם</UnitMeasure>
      <BisWeighted>0</BisWeighted>
      <QtyInPackage>1</QtyInPackage>
      <ItemPrice>10.90</ItemPrice>
      <UnitOfMeasurePrice>9.08</UnitOfMeasurePrice>
      <AllowDiscount>0</AllowDiscount>
      <itemStatus>1</itemStatus>
      <LastUpdateDate />
      <LastUpdateTime />
    </Product>
    <Product>
      <PriceUpdateDate>2019/12/17 10:20</PriceUpdateDate>
      <ItemCode>7290042051761</ItemCode>
      <ItemType>1</ItemType>
      <ItemName>עוגיות חמאה 114ג פח שווה</ItemName>
      <ManufactureName>ח.כהן סוכנות מזון ומשקאות בע</ManufactureName>
      <ManufactureCountry />
      <ManufactureItemDescription />
      <UnitQty>י"ח</UnitQty>
      <Quantity>114</Quantity>
      <UnitMeasure>ל  גרם</UnitMeasure>
      <BisWeighted>0</BisWeighted>
      <QtyInPackage>1</QtyInPackage>
      <ItemPrice>4.30</ItemPrice>
      <UnitOfMeasurePrice>3.77</UnitOfMeasurePrice>
      <AllowDiscount>0</AllowDiscount>
      <itemStatus>1</itemStatus>
      <LastUpdateDate />
      <LastUpdateTime />
    </Product>
    <Product>
      <PriceUpdateDate>2020/04/27 08:18</PriceUpdateDate>
      <ItemCode>7290042051846</ItemCode>
      <ItemType>1</ItemType>
      <ItemName>מפה עגולה אל בד קוטר 180 ס``מ שווה</ItemName>
      <ManufactureName>ח.כהן סוכנות מזון ומשקאות בע</ManufactureName>
      <ManufactureCountry />
      <ManufactureItemDescription />
      <UnitQty>י"ח</UnitQty>
      <Quantity>5</Quantity>
      <UnitMeasure>י"ח</UnitMeasure>
      <BisWeighted>0</BisWeighted>
      <QtyInPackage>1</QtyInPackage>
      <ItemPrice>8.90</ItemPrice>
      <UnitOfMeasurePrice>1.78</UnitOfMeasurePrice>
      <AllowDiscount>1</AllowDiscount>
      <itemStatus>1</itemStatus>
      <LastUpdateDate />
      <LastUpdateTime />
    </Product>
    <Product>
      <PriceUpdateDate>2017/02/07 15:22</PriceUpdateDate>
      <ItemCode>7290055090702</ItemCode>
      <ItemType>1</ItemType>
      <ItemName>איגלו שלוקים כרמית 60יח</ItemName>
      <ManufactureName>כרמית תעשיות ממתקים בעמ</ManufactureName>
      <ManufactureCountry />
      <ManufactureItemDescription />
      <UnitQty>י"ח</UnitQty>
      <Quantity>120</Quantity>
      <UnitMeasure>ל  גרם</UnitMeasure>
      <BisWeighted>0</BisWeighted>
      <QtyInPackage>1</QtyInPackage>
      <ItemPrice>9.90</ItemPrice>
      <UnitOfMeasurePrice>8.25</UnitOfMeasurePrice>
      <AllowDiscount>1</AllowDiscount>
      <itemStatus>1</itemStatus>
      <LastUpdateDate />
      <LastUpdateTime />
    </Product>
    <Product>
      <PriceUpdateDate>2019/12/31 11:14</PriceUpdateDate>
      <ItemCode>7290100240137</ItemCode>
      <ItemType>1</ItemType>
      <ItemName>בדין תרסיס מייבש כחול 500מ"ל</ItemName>
      <ManufactureName>יוניליוור ישראל שיווק בעמ</ManufactureName>
      <ManufactureCountry />
      <ManufactureItemDescription />
      <UnitQty>י"ח</UnitQty>
      <Quantity>500</Quantity>
      <UnitMeasure>ל  מ"ל</UnitMeasure>
      <BisWeighted>0</BisWeighted>
      <QtyInPackage>1</QtyInPackage>
      <ItemPrice>12.90</ItemPrice>
      <UnitOfMeasurePrice>2.58</UnitOfMeasurePrice>
      <AllowDiscount>0</AllowDiscount>
      <itemStatus>1</itemStatus>
      <LastUpdateDate />
      <LastUpdateTime />
    </Product>
    <Product>
      <PriceUpdateDate>2019/12/31 11:14</PriceUpdateDate>
      <ItemCode>7290100240632</ItemCode>
      <ItemType>1</ItemType>
      <ItemName>פתית 6דגנים 250גר  בד"ץ</ItemName>
      <ManufactureName>יוניליוור ישראל שיווק בעמ</ManufactureName>
      <ManufactureCountry />
      <ManufactureItemDescription />
      <UnitQty>י"ח</UnitQty>
      <Quantity>250</Quantity>
      <UnitMeasure>ל  גרם</UnitMeasure>
      <BisWeighted>0</BisWeighted>
      <QtyInPackage>1</QtyInPackage>
      <ItemPrice>14.90</ItemPrice>
      <UnitOfMeasurePrice>5.96</UnitOfMeasurePrice>
      <AllowDiscount>1</AllowDiscount>
      <itemStatus>1</itemStatus>
      <LastUpdateDate />
      <LastUpdateTime />
    </Product>
    <Product>
      <PriceUpdateDate>2019/12/31 11:14</PriceUpdateDate>
      <ItemCode>7290100240656</ItemCode>
      <ItemType>1</ItemType>
      <ItemName>פתית שיפון 300גר  בד"ץ</ItemName>
      <ManufactureName>יוניליוור ישראל שיווק בעמ</ManufactureName>
      <ManufactureCountry />
      <ManufactureItemDescription />
      <UnitQty>י"ח</UnitQty>
      <Quantity>300</Quantity>
      <UnitMeasure>ל  גרם</UnitMeasure>
      <BisWeighted>0</BisWeighted>
      <QtyInPackage>1</QtyInPackage>
      <ItemPrice>14.90</ItemPrice>
      <UnitOfMeasurePrice>4.97</UnitOfMeasurePrice>
      <AllowDiscount>1</AllowDiscount>
      <itemStatus>1</itemStatus>
      <LastUpdateDate />
      <LastUpdateTime />
    </Product>
    <Product>
      <PriceUpdateDate>2019/12/31 11:14</PriceUpdateDate>
      <ItemCode>7290100245231</ItemCode>
      <ItemType>1</ItemType>
      <ItemName>נמס בכוס ועוד טעם עוף שקדי מרק 50גר</ItemName>
      <ManufactureName>יוניליוור ישראל שיווק בעמ</ManufactureName>
      <ManufactureCountry />
      <ManufactureItemDescription />
      <UnitQty>י"ח</UnitQty>
      <Quantity>50</Quantity>
      <UnitMeasure>ל  גרם</UnitMeasure>
      <BisWeighted>0</BisWeighted>
      <QtyInPackage>1</QtyInPackage>
      <ItemPrice>6.50</ItemPrice>
      <UnitOfMeasurePrice>13</UnitOfMeasurePrice>
      <AllowDiscount>0</AllowDiscount>
      <itemStatus>1</itemStatus>
      <LastUpdateDate />
      <LastUpdateTime />
    </Product>
    <Product>
      <PriceUpdateDate>2020/01/01 13:28</PriceUpdateDate>
      <ItemCode>7290100247051</ItemCode>
      <ItemType>1</ItemType>
      <ItemName>פינוק סבון נוזלי בניחוח קלאסי</ItemName>
      <ManufactureName>יוניליוור ישראל שיווק בעמ</ManufactureName>
      <ManufactureCountry />
      <ManufactureItemDescription />
      <UnitQty>י"ח</UnitQty>
      <Quantity>750</Quantity>
      <UnitMeasure>ל  מ"ל</UnitMeasure>
      <BisWeighted>0</BisWeighted>
      <QtyInPackage>1</QtyInPackage>
      <ItemPrice>9.90</ItemPrice>
      <UnitOfMeasurePrice>1.32</UnitOfMeasurePrice>
      <AllowDiscount>0</AllowDiscount>
      <itemStatus>1</itemStatus>
      <LastUpdateDate />
      <LastUpdateTime />
    </Product>
    <Product>
      <PriceUpdateDate>2019/12/31 11:14</PriceUpdateDate>
      <ItemCode>7290100247808</ItemCode>
      <ItemType>1</ItemType>
      <ItemName>נמס בכוס אקסטרה טעם עוף 28גרם</ItemName>
      <ManufactureName>יוניליוור ישראל שיווק בעמ</ManufactureName>
      <ManufactureCountry />
      <ManufactureItemDescription />
      <UnitQty>י"ח</UnitQty>
      <Quantity>28</Quantity>
      <UnitMeasure>ל  גרם</UnitMeasure>
      <BisWeighted>0</BisWeighted>
      <QtyInPackage>1</QtyInPackage>
      <ItemPrice>3.90</ItemPrice>
      <UnitOfMeasurePrice>13.93</UnitOfMeasurePrice>
      <AllowDiscount>0</AllowDiscount>
      <itemStatus>1</itemStatus>
      <LastUpdateDate />
      <LastUpdateTime />
    </Product>
    <Product>
      <PriceUpdateDate>2019/12/31 11:14</PriceUpdateDate>
      <ItemCode>7290100247815</ItemCode>
      <ItemType>1</ItemType>
      <ItemName>נמס בכוס אקסטרה עגבניות 39גרם</ItemName>
      <ManufactureName>יוניליוור ישראל שיווק בעמ</ManufactureName>
      <ManufactureCountry />
      <ManufactureItemDescription />
      <UnitQty>י"ח</UnitQty>
      <Quantity>39</Quantity>
      <UnitMeasure>ל  גרם</UnitMeasure>
      <BisWeighted>0</BisWeighted>
      <QtyInPackage>1</QtyInPackage>
      <ItemPrice>3.90</ItemPrice>
      <UnitOfMeasurePrice>10</UnitOfMeasurePrice>
      <AllowDiscount>0</AllowDiscount>
      <itemStatus>1</itemStatus>
      <LastUpdateDate />
      <LastUpdateTime />
    </Product>
    <Product>
      <PriceUpdateDate>2019/12/31 11:14</PriceUpdateDate>
      <ItemCode>7290100249482</ItemCode>
      <ItemType>1</ItemType>
      <ItemName>נמס בכוס אפונה  בד"צ 50 גרם</ItemName>
      <ManufactureName>יוניליוור ישראל שיווק בעמ</ManufactureName>
      <ManufactureCountry />
      <ManufactureItemDescription />
      <UnitQty>י"ח</UnitQty>
      <Quantity>34</Quantity>
      <UnitMeasure>ל  גרם</UnitMeasure>
      <BisWeighted>0</BisWeighted>
      <QtyInPackage>1</QtyInPackage>
      <ItemPrice>6.50</ItemPrice>
      <UnitOfMeasurePrice>19.12</UnitOfMeasurePrice>
      <AllowDiscount>0</AllowDiscount>
      <itemStatus>1</itemStatus>
      <LastUpdateDate />
      <LastUpdateTime />
    </Product>
    <Product>
      <PriceUpdateDate>2019/12/31 11:14</PriceUpdateDate>
      <ItemCode>7290100249581</ItemCode>
      <ItemType>1</ItemType>
      <ItemName>רוטב ל עוף שזיפים בד"צ 320גרם</ItemName>
      <ManufactureName>יוניליוור ישראל שיווק בעמ</ManufactureName>
      <ManufactureCountry />
      <ManufactureItemDescription />
      <UnitQty>י"ח</UnitQty>
      <Quantity>320</Quantity>
      <UnitMeasure>ל  גרם</UnitMeasure>
      <BisWeighted>0</BisWeighted>
      <QtyInPackage>1</QtyInPackage>
      <ItemPrice>9.90</ItemPrice>
      <UnitOfMeasurePrice>3.09</UnitOfMeasurePrice>
      <AllowDiscount>0</AllowDiscount>
      <itemStatus>1</itemStatus>
      <LastUpdateDate />
      <LastUpdateTime />
    </Product>
    <Product>
      <PriceUpdateDate>2019/12/31 11:14</PriceUpdateDate>
      <ItemCode>7290100249598</ItemCode>
      <ItemType>1</ItemType>
      <ItemName>רוטב ל עוף שום  ודבש בד"צ 320גרם</ItemName>
      <ManufactureName>יוניליוור ישראל שיווק בעמ</ManufactureName>
      <ManufactureCountry />
      <ManufactureItemDescription />
      <UnitQty>י"ח</UnitQty>
      <Quantity>320</Quantity>
      <UnitMeasure>ל  גרם</UnitMeasure>
      <BisWeighted>0</BisWeighted>
      <QtyInPackage>1</QtyInPackage>
      <ItemPrice>9.90</ItemPrice>
      <UnitOfMeasurePrice>3.09</UnitOfMeasurePrice>
      <AllowDiscount>0</AllowDiscount>
      <itemStatus>1</itemStatus>
      <LastUpdateDate />
      <LastUpdateTime />
    </Product>
    <Product>
      <PriceUpdateDate>2015/10/18 15:08</PriceUpdateDate>
      <ItemCode>7290100411254</ItemCode>
      <ItemType>1</ItemType>
      <ItemName>מחית תפוח ובננה  190ג ללא סוכר</ItemName>
      <ManufactureName>שקד תבל בעמ</ManufactureName>
      <ManufactureCountry />
      <ManufactureItemDescription />
      <UnitQty>י"ח</UnitQty>
      <Quantity>190</Quantity>
      <UnitMeasure>ל  מ"ל</UnitMeasure>
      <BisWeighted>0</BisWeighted>
      <QtyInPackage>1</QtyInPackage>
      <ItemPrice>5.90</ItemPrice>
      <UnitOfMeasurePrice>3.11</UnitOfMeasurePrice>
      <AllowDiscount>1</AllowDiscount>
      <itemStatus>1</itemStatus>
      <LastUpdateDate />
      <LastUpdateTime />
    </Product>
    <Product>
      <PriceUpdateDate>2016/08/30 14:32</PriceUpdateDate>
      <ItemCode>7290100412343</ItemCode>
      <ItemType>1</ItemType>
      <ItemName>מגבונים לניקוי כללי  בריח לימון קוויק</ItemName>
      <ManufactureName>שקד תבל בעמ</ManufactureName>
      <ManufactureCountry />
      <ManufactureItemDescription />
      <UnitQty>י"ח</UnitQty>
      <Quantity>50</Quantity>
      <UnitMeasure>י"ח</UnitMeasure>
      <BisWeighted>0</BisWeighted>
      <QtyInPackage>1</QtyInPackage>
      <ItemPrice>8.90</ItemPrice>
      <UnitOfMeasurePrice>0.18</UnitOfMeasurePrice>
      <AllowDiscount>0</AllowDiscount>
      <itemStatus>1</itemStatus>
      <LastUpdateDate />
      <LastUpdateTime />
    </Product>
    <Product>
      <PriceUpdateDate>2018/01/25 12:49</PriceUpdateDate>
      <ItemCode>7290100412763</ItemCode>
      <ItemType>1</ItemType>
      <ItemName>דר עור ת.רחצה קלאסי לבנדר 700מ"ל</ItemName>
      <ManufactureName>שקד תבל בעמ</ManufactureName>
      <ManufactureCountry />
      <ManufactureItemDescription />
      <UnitQty>י"ח</UnitQty>
      <Quantity>700</Quantity>
      <UnitMeasure>ל  גרם</UnitMeasure>
      <BisWeighted>0</BisWeighted>
      <QtyInPackage>1</QtyInPackage>
      <ItemPrice>19.90</ItemPrice>
      <UnitOfMeasurePrice>2.84</UnitOfMeasurePrice>
      <AllowDiscount>1</AllowDiscount>
      <itemStatus>1</itemStatus>
      <LastUpdateDate />
      <LastUpdateTime />
    </Product>
    <Product>
      <PriceUpdateDate>2018/01/25 12:50</PriceUpdateDate>
      <ItemCode>7290100412831</ItemCode>
      <ItemType>1</ItemType>
      <ItemName>דר עור ת.רחצה וניל טרופי   700מ"ל</ItemName>
      <ManufactureName>שקד תבל בעמ</ManufactureName>
      <ManufactureCountry />
      <ManufactureItemDescription />
      <UnitQty>י"ח</UnitQty>
      <Quantity>700</Quantity>
      <UnitMeasure>ל  גרם</UnitMeasure>
      <BisWeighted>0</BisWeighted>
      <QtyInPackage>1</QtyInPackage>
      <ItemPrice>19.90</ItemPrice>
      <UnitOfMeasurePrice>2.84</UnitOfMeasurePrice>
      <AllowDiscount>1</AllowDiscount>
      <itemStatus>1</itemStatus>
      <LastUpdateDate />
      <LastUpdateTime />
    </Product>
    <Product>
      <PriceUpdateDate>2017/03/01 15:19</PriceUpdateDate>
      <ItemCode>7290100413609</ItemCode>
      <ItemType>1</ItemType>
      <ItemName>קוויק דוחה אבק בניחוח הדרים 50יח.</ItemName>
      <ManufactureName>שקד תבל בעמ</ManufactureName>
      <ManufactureCountry />
      <ManufactureItemDescription />
      <UnitQty>י"ח</UnitQty>
      <Quantity>40</Quantity>
      <UnitMeasure>י"ח</UnitMeasure>
      <BisWeighted>0</BisWeighted>
      <QtyInPackage>1</QtyInPackage>
      <ItemPrice>8.90</ItemPrice>
      <UnitOfMeasurePrice>0.22</UnitOfMeasurePrice>
      <AllowDiscount>0</AllowDiscount>
      <itemStatus>1</itemStatus>
      <LastUpdateDate />
      <LastUpdateTime />
    </Product>
    <Product>
      <PriceUpdateDate>2016/10/31 12:16</PriceUpdateDate>
      <ItemCode>7290100658338</ItemCode>
      <ItemType>1</ItemType>
      <ItemName>פלמוליב לכלים אוקסי פלוס</ItemName>
      <ManufactureName>ש.שסטוביץ בעמ</ManufactureName>
      <ManufactureCountry />
      <ManufactureItemDescription />
      <UnitQty>י"ח</UnitQty>
      <Quantity>750</Quantity>
      <UnitMeasure>ל  מ"ל</UnitMeasure>
      <BisWeighted>0</BisWeighted>
      <QtyInPackage>1</QtyInPackage>
      <ItemPrice>9.90</ItemPrice>
      <UnitOfMeasurePrice>1.32</UnitOfMeasurePrice>
      <AllowDiscount>1</AllowDiscount>
      <itemStatus>1</itemStatus>
      <LastUpdateDate />
      <LastUpdateTime />
    </Product>
    <Product>
      <PriceUpdateDate>2019/02/11 11:51</PriceUpdateDate>
      <ItemCode>7290100680650</ItemCode>
      <ItemType>1</ItemType>
      <ItemName>מנה חמה נודלס תאילנדי</ItemName>
      <ManufactureName>קבוצת אוסם סחר-שות.מוגבלת</ManufactureName>
      <ManufactureCountry />
      <ManufactureItemDescription />
      <UnitQty>י"ח</UnitQty>
      <Quantity>76</Quantity>
      <UnitMeasure>ל  גרם</UnitMeasure>
      <BisWeighted>0</BisWeighted>
      <QtyInPackage>1</QtyInPackage>
      <ItemPrice>5.90</ItemPrice>
      <UnitOfMeasurePrice>7.76</UnitOfMeasurePrice>
      <AllowDiscount>0</AllowDiscount>
      <itemStatus>1</itemStatus>
      <LastUpdateDate />
      <LastUpdateTime />
    </Product>
    <Product>
      <PriceUpdateDate>2019/02/11 11:51</PriceUpdateDate>
      <ItemCode>7290100680667</ItemCode>
      <ItemType>1</ItemType>
      <ItemName>מנה חמה נודלס</ItemName>
      <ManufactureName>קבוצת אוסם סחר-שות.מוגבלת</ManufactureName>
      <ManufactureCountry />
      <ManufactureItemDescription />
      <UnitQty>י"ח</UnitQty>
      <Quantity>76</Quantity>
      <UnitMeasure>ל  גרם</UnitMeasure>
      <BisWeighted>0</BisWeighted>
      <QtyInPackage>1</QtyInPackage>
      <ItemPrice>5.90</ItemPrice>
      <UnitOfMeasurePrice>7.76</UnitOfMeasurePrice>
      <AllowDiscount>0</AllowDiscount>
      <itemStatus>1</itemStatus>
      <LastUpdateDate />
      <LastUpdateTime />
    </Product>
    <Product>
      <PriceUpdateDate>2013/12/09 15:09</PriceUpdateDate>
      <ItemCode>7290100680711</ItemCode>
      <ItemType>1</ItemType>
      <ItemName>פירורית זהב 350 גרם אוסם</ItemName>
      <ManufactureName>קבוצת אוסם סחר-שות.מוגבלת</ManufactureName>
      <ManufactureCountry />
      <ManufactureItemDescription />
      <UnitQty>י"ח</UnitQty>
      <Quantity>350</Quantity>
      <UnitMeasure>ל  גרם</UnitMeasure>
      <BisWeighted>0</BisWeighted>
      <QtyInPackage>1</QtyInPackage>
      <ItemPrice>8.90</ItemPrice>
      <UnitOfMeasurePrice>2.54</UnitOfMeasurePrice>
      <AllowDiscount>0</AllowDiscount>
      <itemStatus>1</itemStatus>
      <LastUpdateDate />
      <LastUpdateTime />
    </Product>
    <Product>
      <PriceUpdateDate>2014/01/07 16:57</PriceUpdateDate>
      <ItemCode>7290100681015</ItemCode>
      <ItemType>1</ItemType>
      <ItemName>אינסטנט פודינג ריבת חלב</ItemName>
      <ManufactureName>קבוצת אוסם סחר-שות.מוגבלת</ManufactureName>
      <ManufactureCountry />
      <ManufactureItemDescription />
      <UnitQty>י"ח</UnitQty>
      <Quantity>84</Quantity>
      <UnitMeasure>ל  גרם</UnitMeasure>
      <BisWeighted>0</BisWeighted>
      <QtyInPackage>1</QtyInPackage>
      <ItemPrice>5.70</ItemPrice>
      <UnitOfMeasurePrice>6.79</UnitOfMeasurePrice>
      <AllowDiscount>1</AllowDiscount>
      <itemStatus>1</itemStatus>
      <LastUpdateDate />
      <LastUpdateTime />
    </Product>
    <Product>
      <PriceUpdateDate>2014/08/11 16:11</PriceUpdateDate>
      <ItemCode>7290100681138</ItemCode>
      <ItemType>1</ItemType>
      <ItemName>אפרופו מארז  3 יח</ItemName>
      <ManufactureName>קבוצת אוסם סחר-שות.מוגבלת</ManufactureName>
      <ManufactureCountry />
      <ManufactureItemDescription />
      <UnitQty>י"ח</UnitQty>
      <Quantity>150</Quantity>
      <UnitMeasure>ל  גרם</UnitMeasure>
      <BisWeighted>0</BisWeighted>
      <QtyInPackage>1</QtyInPackage>
      <ItemPrice>12.90</ItemPrice>
      <UnitOfMeasurePrice>8.60</UnitOfMeasurePrice>
      <AllowDiscount>0</AllowDiscount>
      <itemStatus>1</itemStatus>
      <LastUpdateDate />
      <LastUpdateTime />
    </Product>
    <Product>
      <PriceUpdateDate>2013/12/09 15:10</PriceUpdateDate>
      <ItemCode>7290100683392</ItemCode>
      <ItemType>1</ItemType>
      <ItemName>טייסטיר צ ויס 50 ג</ItemName>
      <ManufactureName>קבוצת אוסם סחר-שות.מוגבלת</ManufactureName>
      <ManufactureCountry />
      <ManufactureItemDescription />
      <UnitQty>י"ח</UnitQty>
      <Quantity>50</Quantity>
      <UnitMeasure>ל  גרם</UnitMeasure>
      <BisWeighted>0</BisWeighted>
      <QtyInPackage>1</QtyInPackage>
      <ItemPrice>7</ItemPrice>
      <UnitOfMeasurePrice>14</UnitOfMeasurePrice>
      <AllowDiscount>1</AllowDiscount>
      <itemStatus>1</itemStatus>
      <LastUpdateDate />
      <LastUpdateTime />
    </Product>
    <Product>
      <PriceUpdateDate>2013/12/16 17:33</PriceUpdateDate>
      <ItemCode>7290100685563</ItemCode>
      <ItemType>1</ItemType>
      <ItemName>מארז פירורית זהב 200*2</ItemName>
      <ManufactureName>קבוצת אוסם סחר-שות.מוגבלת</ManufactureName>
      <ManufactureCountry />
      <ManufactureItemDescription />
      <UnitQty>י"ח</UnitQty>
      <Quantity>400</Quantity>
      <UnitMeasure>ל  גרם</UnitMeasure>
      <BisWeighted>0</BisWeighted>
      <QtyInPackage>1</QtyInPackage>
      <ItemPrice>9.90</ItemPrice>
      <UnitOfMeasurePrice>2.48</UnitOfMeasurePrice>
      <AllowDiscount>1</AllowDiscount>
      <itemStatus>1</itemStatus>
      <LastUpdateDate />
      <LastUpdateTime />
    </Product>
    <Product>
      <PriceUpdateDate>2019/07/03 08:11</PriceUpdateDate>
      <ItemCode>7290100686164</ItemCode>
      <ItemType>1</ItemType>
      <ItemName>ביסלי ברביקיו  מארז שישייה</ItemName>
      <ManufactureName>קבוצת אוסם סחר-שות.מוגבלת</ManufactureName>
      <ManufactureCountry />
      <ManufactureItemDescription />
      <UnitQty>י"ח</UnitQty>
      <Quantity>210</Quantity>
      <UnitMeasure>ל  גרם</UnitMeasure>
      <BisWeighted>0</BisWeighted>
      <QtyInPackage>1</QtyInPackage>
      <ItemPrice>13.90</ItemPrice>
      <UnitOfMeasurePrice>6.62</UnitOfMeasurePrice>
      <AllowDiscount>0</AllowDiscount>
      <itemStatus>1</itemStatus>
      <LastUpdateDate />
      <LastUpdateTime />
    </Product>
    <Product>
      <PriceUpdateDate>2014/01/12 10:12</PriceUpdateDate>
      <ItemCode>7290100687109</ItemCode>
      <ItemType>1</ItemType>
      <ItemName>במבה במילוי נוגט</ItemName>
      <ManufactureName>קבוצת אוסם סחר-שות.מוגבלת</ManufactureName>
      <ManufactureCountry />
      <ManufactureItemDescription />
      <UnitQty>י"ח</UnitQty>
      <Quantity>60</Quantity>
      <UnitMeasure>ל  גרם</UnitMeasure>
      <BisWeighted>0</BisWeighted>
      <QtyInPackage>1</QtyInPackage>
      <ItemPrice>4.80</ItemPrice>
      <UnitOfMeasurePrice>8</UnitOfMeasurePrice>
      <AllowDiscount>1</AllowDiscount>
      <itemStatus>1</itemStatus>
      <LastUpdateDate />
      <LastUpdateTime />
    </Product>
    <Product>
      <PriceUpdateDate>2016/09/27 09:15</PriceUpdateDate>
      <ItemCode>7290100700006</ItemCode>
      <ItemType>1</ItemType>
      <ItemName>חיטה 1 ק"ג סוגת</ItemName>
      <ManufactureName>סוגת תעשיות בעמ</ManufactureName>
      <ManufactureCountry />
      <ManufactureItemDescription />
      <UnitQty>י"ח</UnitQty>
      <Quantity>1</Quantity>
      <UnitMeasure>ק"ג</UnitMeasure>
      <BisWeighted>0</BisWeighted>
      <QtyInPackage>1</QtyInPackage>
      <ItemPrice>9.90</ItemPrice>
      <UnitOfMeasurePrice>9.90</UnitOfMeasurePrice>
      <AllowDiscount>0</AllowDiscount>
      <itemStatus>1</itemStatus>
      <LastUpdateDate />
      <LastUpdateTime />
    </Product>
    <Product>
      <PriceUpdateDate>2020/04/21 09:22</PriceUpdateDate>
      <ItemCode>7290100700075</ItemCode>
      <ItemType>1</ItemType>
      <ItemName>פירורי לחם מוזהבים 200 גרם סוגת</ItemName>
      <ManufactureName>סוגת תעשיות בעמ</ManufactureName>
      <ManufactureCountry />
      <ManufactureItemDescription />
      <UnitQty>י"ח</UnitQty>
      <Quantity>200</Quantity>
      <UnitMeasure>ל  גרם</UnitMeasure>
      <BisWeighted>0</BisWeighted>
      <QtyInPackage>1</QtyInPackage>
      <ItemPrice>4</ItemPrice>
      <UnitOfMeasurePrice>2</UnitOfMeasurePrice>
      <AllowDiscount>1</AllowDiscount>
      <itemStatus>1</itemStatus>
      <LastUpdateDate />
      <LastUpdateTime />
    </Product>
    <Product>
      <PriceUpdateDate>2016/09/27 09:16</PriceUpdateDate>
      <ItemCode>7290100700297</ItemCode>
      <ItemType>1</ItemType>
      <ItemName>עדשים שחורות 500 גר סוגת</ItemName>
      <ManufactureName>סוגת תעשיות בעמ</ManufactureName>
      <ManufactureCountry />
      <ManufactureItemDescription />
      <UnitQty>י"ח</UnitQty>
      <Quantity>500</Quantity>
      <UnitMeasure>ל  גרם</UnitMeasure>
      <BisWeighted>0</BisWeighted>
      <QtyInPackage>1</QtyInPackage>
      <ItemPrice>6.90</ItemPrice>
      <UnitOfMeasurePrice>1.38</UnitOfMeasurePrice>
      <AllowDiscount>0</AllowDiscount>
      <itemStatus>1</itemStatus>
      <LastUpdateDate />
      <LastUpdateTime />
    </Product>
    <Product>
      <PriceUpdateDate>2017/11/27 17:08</PriceUpdateDate>
      <ItemCode>7290100700365</ItemCode>
      <ItemType>1</ItemType>
      <ItemName>שעועית אדומה 1 ק"ג</ItemName>
      <ManufactureName>סוגת תעשיות בעמ</ManufactureName>
      <ManufactureCountry />
      <ManufactureItemDescription />
      <UnitQty>י"ח</UnitQty>
      <Quantity>1</Quantity>
      <UnitMeasure>ק"ג</UnitMeasure>
      <BisWeighted>0</BisWeighted>
      <QtyInPackage>1</QtyInPackage>
      <ItemPrice>15.90</ItemPrice>
      <UnitOfMeasurePrice>15.90</UnitOfMeasurePrice>
      <AllowDiscount>0</AllowDiscount>
      <itemStatus>1</itemStatus>
      <LastUpdateDate />
      <LastUpdateTime />
    </Product>
    <Product>
      <PriceUpdateDate>2019/12/29 11:56</PriceUpdateDate>
      <ItemCode>7290100700419</ItemCode>
      <ItemType>1</ItemType>
      <ItemName>בורגול 1ק"ג</ItemName>
      <ManufactureName>סוגת תעשיות בעמ</ManufactureName>
      <ManufactureCountry />
      <ManufactureItemDescription />
      <UnitQty>י"ח</UnitQty>
      <Quantity>1</Quantity>
      <UnitMeasure>ק"ג</UnitMeasure>
      <BisWeighted>0</BisWeighted>
      <QtyInPackage>1</QtyInPackage>
      <ItemPrice>7.90</ItemPrice>
      <UnitOfMeasurePrice>7.90</UnitOfMeasurePrice>
      <AllowDiscount>0</AllowDiscount>
      <itemStatus>1</itemStatus>
      <LastUpdateDate />
      <LastUpdateTime />
    </Product>
    <Product>
      <PriceUpdateDate>2015/11/09 14:22</PriceUpdateDate>
      <ItemCode>7290100700587</ItemCode>
      <ItemType>1</ItemType>
      <ItemName>בורגול 500 גר`סוגת</ItemName>
      <ManufactureName>סוגת תעשיות בעמ</ManufactureName>
      <ManufactureCountry />
      <ManufactureItemDescription />
      <UnitQty>י"ח</UnitQty>
      <Quantity>500</Quantity>
      <UnitMeasure>ל  גרם</UnitMeasure>
      <BisWeighted>0</BisWeighted>
      <QtyInPackage>1</QtyInPackage>
      <ItemPrice>5</ItemPrice>
      <UnitOfMeasurePrice>1</UnitOfMeasurePrice>
      <AllowDiscount>1</AllowDiscount>
      <itemStatus>1</itemStatus>
      <LastUpdateDate />
      <LastUpdateTime />
    </Product>
    <Product>
      <PriceUpdateDate>2016/01/06 14:31</PriceUpdateDate>
      <ItemCode>7290100701331</ItemCode>
      <ItemType>1</ItemType>
      <ItemName>קמחה רב תכליתי    1  ק"ג]סוגת[</ItemName>
      <ManufactureName>סוגת תעשיות בעמ</ManufactureName>
      <ManufactureCountry />
      <ManufactureItemDescription />
      <UnitQty>י"ח</UnitQty>
      <Quantity>1</Quantity>
      <UnitMeasure>ק"ג</UnitMeasure>
      <BisWeighted>0</BisWeighted>
      <QtyInPackage>1</QtyInPackage>
      <ItemPrice>5.90</ItemPrice>
      <UnitOfMeasurePrice>5.90</UnitOfMeasurePrice>
      <AllowDiscount>0</AllowDiscount>
      <itemStatus>1</itemStatus>
      <LastUpdateDate />
      <LastUpdateTime />
    </Product>
    <Product>
      <PriceUpdateDate>2016/01/06 14:31</PriceUpdateDate>
      <ItemCode>7290100701386</ItemCode>
      <ItemType>1</ItemType>
      <ItemName>קמח לחלה  1  ק"ג]סוגת[</ItemName>
      <ManufactureName>סוגת תעשיות בעמ</ManufactureName>
      <ManufactureCountry />
      <ManufactureItemDescription />
      <UnitQty>י"ח</UnitQty>
      <Quantity>1</Quantity>
      <UnitMeasure>ק"ג</UnitMeasure>
      <BisWeighted>0</BisWeighted>
      <QtyInPackage>1</QtyInPackage>
      <ItemPrice>5.90</ItemPrice>
      <UnitOfMeasurePrice>5.90</UnitOfMeasurePrice>
      <AllowDiscount>0</AllowDiscount>
      <itemStatus>1</itemStatus>
      <LastUpdateDate />
      <LastUpdateTime />
    </Product>
    <Product>
      <PriceUpdateDate>2015/11/09 14:22</PriceUpdateDate>
      <ItemCode>7290100701454</ItemCode>
      <ItemType>1</ItemType>
      <ItemName>גרישה 500גר`</ItemName>
      <ManufactureName>סוגת תעשיות בעמ</ManufactureName>
      <ManufactureCountry />
      <ManufactureItemDescription />
      <UnitQty>י"ח</UnitQty>
      <Quantity>500</Quantity>
      <UnitMeasure>ל  גרם</UnitMeasure>
      <BisWeighted>0</BisWeighted>
      <QtyInPackage>1</QtyInPackage>
      <ItemPrice>5</ItemPrice>
      <UnitOfMeasurePrice>1</UnitOfMeasurePrice>
      <AllowDiscount>1</AllowDiscount>
      <itemStatus>1</itemStatus>
      <LastUpdateDate />
      <LastUpdateTime />
    </Product>
    <Product>
      <PriceUpdateDate>2016/05/08 11:48</PriceUpdateDate>
      <ItemCode>7290100701874</ItemCode>
      <ItemType>1</ItemType>
      <ItemName>קמח כוסמין</ItemName>
      <ManufactureName>סוגת תעשיות בעמ</ManufactureName>
      <ManufactureCountry />
      <ManufactureItemDescription />
      <UnitQty>י"ח</UnitQty>
      <Quantity>1</Quantity>
      <UnitMeasure>ק"ג</UnitMeasure>
      <BisWeighted>0</BisWeighted>
      <QtyInPackage>1</QtyInPackage>
      <ItemPrice>14.90</ItemPrice>
      <UnitOfMeasurePrice>14.90</UnitOfMeasurePrice>
      <AllowDiscount>0</AllowDiscount>
      <itemStatus>1</itemStatus>
      <LastUpdateDate />
      <LastUpdateTime />
    </Product>
    <Product>
      <PriceUpdateDate>2016/01/06 14:31</PriceUpdateDate>
      <ItemCode>7290100701881</ItemCode>
      <ItemType>1</ItemType>
      <ItemName>קמח פיצה ופוקציה   1  ק"ג]סוגת[</ItemName>
      <ManufactureName>סוגת תעשיות בעמ</ManufactureName>
      <ManufactureCountry />
      <ManufactureItemDescription />
      <UnitQty>י"ח</UnitQty>
      <Quantity>1</Quantity>
      <UnitMeasure>ק"ג</UnitMeasure>
      <BisWeighted>0</BisWeighted>
      <QtyInPackage>1</QtyInPackage>
      <ItemPrice>5.90</ItemPrice>
      <UnitOfMeasurePrice>5.90</UnitOfMeasurePrice>
      <AllowDiscount>0</AllowDiscount>
      <itemStatus>1</itemStatus>
      <LastUpdateDate />
      <LastUpdateTime />
    </Product>
    <Product>
      <PriceUpdateDate>2016/05/08 11:49</PriceUpdateDate>
      <ItemCode>7290100701898</ItemCode>
      <ItemType>1</ItemType>
      <ItemName>קמח פסטה</ItemName>
      <ManufactureName>סוגת תעשיות בעמ</ManufactureName>
      <ManufactureCountry />
      <ManufactureItemDescription />
      <UnitQty>י"ח</UnitQty>
      <Quantity>1</Quantity>
      <UnitMeasure>ק"ג</UnitMeasure>
      <BisWeighted>0</BisWeighted>
      <QtyInPackage>1</QtyInPackage>
      <ItemPrice>14.90</ItemPrice>
      <UnitOfMeasurePrice>14.90</UnitOfMeasurePrice>
      <AllowDiscount>0</AllowDiscount>
      <itemStatus>1</itemStatus>
      <LastUpdateDate />
      <LastUpdateTime />
    </Product>
    <Product>
      <PriceUpdateDate>2017/02/20 11:15</PriceUpdateDate>
      <ItemCode>7290100702253</ItemCode>
      <ItemType>1</ItemType>
      <ItemName>שמרים יבשים בפחית 100ג</ItemName>
      <ManufactureName>סוגת תעשיות בעמ</ManufactureName>
      <ManufactureCountry />
      <ManufactureItemDescription />
      <UnitQty>י"ח</UnitQty>
      <Quantity>100</Quantity>
      <UnitMeasure>ל  גרם</UnitMeasure>
      <BisWeighted>0</BisWeighted>
      <QtyInPackage>1</QtyInPackage>
      <ItemPrice>10.90</ItemPrice>
      <UnitOfMeasurePrice>10.90</UnitOfMeasurePrice>
      <AllowDiscount>0</AllowDiscount>
      <itemStatus>1</itemStatus>
      <LastUpdateDate />
      <LastUpdateTime />
    </Product>
    <Product>
      <PriceUpdateDate>2016/07/28 09:06</PriceUpdateDate>
      <ItemCode>7290100702284</ItemCode>
      <ItemType>1</ItemType>
      <ItemName>קוסקוס מלא 350גר`</ItemName>
      <ManufactureName>סוגת תעשיות בעמ</ManufactureName>
      <ManufactureCountry />
      <ManufactureItemDescription />
      <UnitQty>י"ח</UnitQty>
      <Quantity>350</Quantity>
      <UnitMeasure>ל  גרם</UnitMeasure>
      <BisWeighted>0</BisWeighted>
      <QtyInPackage>1</QtyInPackage>
      <ItemPrice>4.90</ItemPrice>
      <UnitOfMeasurePrice>1.40</UnitOfMeasurePrice>
      <AllowDiscount>1</AllowDiscount>
      <itemStatus>1</itemStatus>
      <LastUpdateDate />
      <LastUpdateTime />
    </Product>
    <Product>
      <PriceUpdateDate>2017/05/09 18:03</PriceUpdateDate>
      <ItemCode>7290100702383</ItemCode>
      <ItemType>1</ItemType>
      <ItemName>קמח תופח   1  ק"ג]סוגת[</ItemName>
      <ManufactureName>סוגת תעשיות בעמ</ManufactureName>
      <ManufactureCountry />
      <ManufactureItemDescription />
      <UnitQty>י"ח</UnitQty>
      <Quantity>1</Quantity>
      <UnitMeasure>ק"ג</UnitMeasure>
      <BisWeighted>0</BisWeighted>
      <QtyInPackage>1</QtyInPackage>
      <ItemPrice>6.90</ItemPrice>
      <UnitOfMeasurePrice>6.90</UnitOfMeasurePrice>
      <AllowDiscount>0</AllowDiscount>
      <itemStatus>1</itemStatus>
      <LastUpdateDate />
      <LastUpdateTime />
    </Product>
    <Product>
      <PriceUpdateDate>2019/02/28 16:15</PriceUpdateDate>
      <ItemCode>7290100702611</ItemCode>
      <ItemType>1</ItemType>
      <ItemName>פתיתים אפויים אורז 500ג</ItemName>
      <ManufactureName>סוגת תעשיות בעמ</ManufactureName>
      <ManufactureCountry />
      <ManufactureItemDescription />
      <UnitQty>י"ח</UnitQty>
      <Quantity>500</Quantity>
      <UnitMeasure>ל  גרם</UnitMeasure>
      <BisWeighted>0</BisWeighted>
      <QtyInPackage>1</QtyInPackage>
      <ItemPrice>4.90</ItemPrice>
      <UnitOfMeasurePrice>0.98</UnitOfMeasurePrice>
      <AllowDiscount>1</AllowDiscount>
      <itemStatus>1</itemStatus>
      <LastUpdateDate />
      <LastUpdateTime />
    </Product>
    <Product>
      <PriceUpdateDate>2019/02/28 16:15</PriceUpdateDate>
      <ItemCode>7290100702628</ItemCode>
      <ItemType>1</ItemType>
      <ItemName>פתיתים אפויים קוסקוס  500ג</ItemName>
      <ManufactureName>סוגת תעשיות בעמ</ManufactureName>
      <ManufactureCountry />
      <ManufactureItemDescription />
      <UnitQty>י"ח</UnitQty>
      <Quantity>500</Quantity>
      <UnitMeasure>ל  גרם</UnitMeasure>
      <BisWeighted>0</BisWeighted>
      <QtyInPackage>1</QtyInPackage>
      <ItemPrice>4.90</ItemPrice>
      <UnitOfMeasurePrice>0.98</UnitOfMeasurePrice>
      <AllowDiscount>1</AllowDiscount>
      <itemStatus>1</itemStatus>
      <LastUpdateDate />
      <LastUpdateTime />
    </Product>
    <Product>
      <PriceUpdateDate>2019/02/28 16:15</PriceUpdateDate>
      <ItemCode>7290100702642</ItemCode>
      <ItemType>1</ItemType>
      <ItemName>פתיתים אפויים טבעות  500ג</ItemName>
      <ManufactureName>סוגת תעשיות בעמ</ManufactureName>
      <ManufactureCountry />
      <ManufactureItemDescription />
      <UnitQty>י"ח</UnitQty>
      <Quantity>500</Quantity>
      <UnitMeasure>ל  גרם</UnitMeasure>
      <BisWeighted>0</BisWeighted>
      <QtyInPackage>1</QtyInPackage>
      <ItemPrice>4.90</ItemPrice>
      <UnitOfMeasurePrice>0.98</UnitOfMeasurePrice>
      <AllowDiscount>1</AllowDiscount>
      <itemStatus>1</itemStatus>
      <LastUpdateDate />
      <LastUpdateTime />
    </Product>
    <Product>
      <PriceUpdateDate>2019/02/28 16:15</PriceUpdateDate>
      <ItemCode>7290100702673</ItemCode>
      <ItemType>1</ItemType>
      <ItemName>פתיתים אפויים 3צבעים  400ג</ItemName>
      <ManufactureName>סוגת תעשיות בעמ</ManufactureName>
      <ManufactureCountry />
      <ManufactureItemDescription />
      <UnitQty>י"ח</UnitQty>
      <Quantity>400</Quantity>
      <UnitMeasure>ל  גרם</UnitMeasure>
      <BisWeighted>0</BisWeighted>
      <QtyInPackage>1</QtyInPackage>
      <ItemPrice>4.90</ItemPrice>
      <UnitOfMeasurePrice>1.23</UnitOfMeasurePrice>
      <AllowDiscount>1</AllowDiscount>
      <itemStatus>1</itemStatus>
      <LastUpdateDate />
      <LastUpdateTime />
    </Product>
    <Product>
      <PriceUpdateDate>2019/02/28 16:15</PriceUpdateDate>
      <ItemCode>7290100702680</ItemCode>
      <ItemType>1</ItemType>
      <ItemName>פתיתים אפויים קידס חיות  400ג</ItemName>
      <ManufactureName>סוגת תעשיות בעמ</ManufactureName>
      <ManufactureCountry />
      <ManufactureItemDescription />
      <UnitQty>י"ח</UnitQty>
      <Quantity>400</Quantity>
      <UnitMeasure>ל  גרם</UnitMeasure>
      <BisWeighted>0</BisWeighted>
      <QtyInPackage>1</QtyInPackage>
      <ItemPrice>4.90</ItemPrice>
      <UnitOfMeasurePrice>1.23</UnitOfMeasurePrice>
      <AllowDiscount>1</AllowDiscount>
      <itemStatus>1</itemStatus>
      <LastUpdateDate />
      <LastUpdateTime />
    </Product>
    <Product>
      <PriceUpdateDate>2017/07/03 09:24</PriceUpdateDate>
      <ItemCode>7290100702987</ItemCode>
      <ItemType>1</ItemType>
      <ItemName>פתיתי שיבולת שועל 500ג</ItemName>
      <ManufactureName>סוגת תעשיות בעמ</ManufactureName>
      <ManufactureCountry />
      <ManufactureItemDescription />
      <UnitQty>י"ח</UnitQty>
      <Quantity>500</Quantity>
      <UnitMeasure>ל  גרם</UnitMeasure>
      <BisWeighted>0</BisWeighted>
      <QtyInPackage>1</QtyInPackage>
      <ItemPrice>4.90</ItemPrice>
      <UnitOfMeasurePrice>0.98</UnitOfMeasurePrice>
      <AllowDiscount>0</AllowDiscount>
      <itemStatus>1</itemStatus>
      <LastUpdateDate />
      <LastUpdateTime />
    </Product>
    <Product>
      <PriceUpdateDate>2015/09/22 07:59</PriceUpdateDate>
      <ItemCode>7290100703007</ItemCode>
      <ItemType>1</ItemType>
      <ItemName>עדשים שחורים בלוגה 500ג</ItemName>
      <ManufactureName>סוגת תעשיות בעמ</ManufactureName>
      <ManufactureCountry />
      <ManufactureItemDescription />
      <UnitQty>י"ח</UnitQty>
      <Quantity>500</Quantity>
      <UnitMeasure>ל  גרם</UnitMeasure>
      <BisWeighted>0</BisWeighted>
      <QtyInPackage>1</QtyInPackage>
      <ItemPrice>8.90</ItemPrice>
      <UnitOfMeasurePrice>1.78</UnitOfMeasurePrice>
      <AllowDiscount>1</AllowDiscount>
      <itemStatus>1</itemStatus>
      <LastUpdateDate />
      <LastUpdateTime />
    </Product>
    <Product>
      <PriceUpdateDate>2020/01/28 09:05</PriceUpdateDate>
      <ItemCode>7290100703496</ItemCode>
      <ItemType>1</ItemType>
      <ItemName>פירורי לחם מוזהבים 500גרם.</ItemName>
      <ManufactureName>סוגת תעשיות בעמ</ManufactureName>
      <ManufactureCountry />
      <ManufactureItemDescription />
      <UnitQty>י"ח</UnitQty>
      <Quantity>500</Quantity>
      <UnitMeasure>ל  גרם</UnitMeasure>
      <BisWeighted>0</BisWeighted>
      <QtyInPackage>1</QtyInPackage>
      <ItemPrice>7.90</ItemPrice>
      <UnitOfMeasurePrice>1.58</UnitOfMeasurePrice>
      <AllowDiscount>0</AllowDiscount>
      <itemStatus>1</itemStatus>
      <LastUpdateDate />
      <LastUpdateTime />
    </Product>
    <Product>
      <PriceUpdateDate>2017/02/20 11:13</PriceUpdateDate>
      <ItemCode>7290100703564</ItemCode>
      <ItemType>1</ItemType>
      <ItemName>שיבולת שועל עבה 500ג</ItemName>
      <ManufactureName>סוגת תעשיות בעמ</ManufactureName>
      <ManufactureCountry />
      <ManufactureItemDescription />
      <UnitQty>י"ח</UnitQty>
      <Quantity>500</Quantity>
      <UnitMeasure>ל  גרם</UnitMeasure>
      <BisWeighted>0</BisWeighted>
      <QtyInPackage>1</QtyInPackage>
      <ItemPrice>4.90</ItemPrice>
      <UnitOfMeasurePrice>0.98</UnitOfMeasurePrice>
      <AllowDiscount>0</AllowDiscount>
      <itemStatus>1</itemStatus>
      <LastUpdateDate />
      <LastUpdateTime />
    </Product>
    <Product>
      <PriceUpdateDate>2018/01/16 12:33</PriceUpdateDate>
      <ItemCode>7290100703625</ItemCode>
      <ItemType>1</ItemType>
      <ItemName>קמח לבן ללא ניפוי 1ק"ג</ItemName>
      <ManufactureName>סוגת תעשיות בעמ</ManufactureName>
      <ManufactureCountry />
      <ManufactureItemDescription />
      <UnitQty>י"ח</UnitQty>
      <Quantity>1</Quantity>
      <UnitMeasure>ק"ג</UnitMeasure>
      <BisWeighted>0</BisWeighted>
      <QtyInPackage>1</QtyInPackage>
      <ItemPrice>8.90</ItemPrice>
      <UnitOfMeasurePrice>8.90</UnitOfMeasurePrice>
      <AllowDiscount>1</AllowDiscount>
      <itemStatus>1</itemStatus>
      <LastUpdateDate />
      <LastUpdateTime />
    </Product>
    <Product>
      <PriceUpdateDate>2018/01/16 12:43</PriceUpdateDate>
      <ItemCode>7290100703861</ItemCode>
      <ItemType>1</ItemType>
      <ItemName>קמח תערובת קסם לחלה 1ק"ג</ItemName>
      <ManufactureName>סוגת תעשיות בעמ</ManufactureName>
      <ManufactureCountry />
      <ManufactureItemDescription />
      <UnitQty>י"ח</UnitQty>
      <Quantity>1</Quantity>
      <UnitMeasure>ק"ג</UnitMeasure>
      <BisWeighted>0</BisWeighted>
      <QtyInPackage>1</QtyInPackage>
      <ItemPrice>8.90</ItemPrice>
      <UnitOfMeasurePrice>8.90</UnitOfMeasurePrice>
      <AllowDiscount>1</AllowDiscount>
      <itemStatus>1</itemStatus>
      <LastUpdateDate />
      <LastUpdateTime />
    </Product>
    <Product>
      <PriceUpdateDate>2018/06/11 09:50</PriceUpdateDate>
      <ItemCode>7290100704066</ItemCode>
      <ItemType>1</ItemType>
      <ItemName>עדשים צהובות 500ג</ItemName>
      <ManufactureName>סוגת תעשיות בעמ</ManufactureName>
      <ManufactureCountry />
      <ManufactureItemDescription />
      <UnitQty>י"ח</UnitQty>
      <Quantity>500</Quantity>
      <UnitMeasure>ל  גרם</UnitMeasure>
      <BisWeighted>0</BisWeighted>
      <QtyInPackage>1</QtyInPackage>
      <ItemPrice>6.50</ItemPrice>
      <UnitOfMeasurePrice>1.30</UnitOfMeasurePrice>
      <AllowDiscount>0</AllowDiscount>
      <itemStatus>1</itemStatus>
      <LastUpdateDate />
      <LastUpdateTime />
    </Product>
    <Product>
      <PriceUpdateDate>2019/01/22 11:34</PriceUpdateDate>
      <ItemCode>7290100704233</ItemCode>
      <ItemType>1</ItemType>
      <ItemName>פסטה פוזילי  400ג קופסה</ItemName>
      <ManufactureName>סוגת תעשיות בעמ</ManufactureName>
      <ManufactureCountry />
      <ManufactureItemDescription />
      <UnitQty>י"ח</UnitQty>
      <Quantity>400</Quantity>
      <UnitMeasure>ל  גרם</UnitMeasure>
      <BisWeighted>0</BisWeighted>
      <QtyInPackage>1</QtyInPackage>
      <ItemPrice>5.90</ItemPrice>
      <UnitOfMeasurePrice>1.48</UnitOfMeasurePrice>
      <AllowDiscount>1</AllowDiscount>
      <itemStatus>1</itemStatus>
      <LastUpdateDate />
      <LastUpdateTime />
    </Product>
    <Product>
      <PriceUpdateDate>2020/01/01 10:51</PriceUpdateDate>
      <ItemCode>7290100850909</ItemCode>
      <ItemType>1</ItemType>
      <ItemName>דוריטוס נאצו 70 גרם</ItemName>
      <ManufactureName>שטראוס פריטו ליי בעמ</ManufactureName>
      <ManufactureCountry />
      <ManufactureItemDescription />
      <UnitQty>י"ח</UnitQty>
      <Quantity>70</Quantity>
      <UnitMeasure>ל  גרם</UnitMeasure>
      <BisWeighted>0</BisWeighted>
      <QtyInPackage>1</QtyInPackage>
      <ItemPrice>3.90</ItemPrice>
      <UnitOfMeasurePrice>5.57</UnitOfMeasurePrice>
      <AllowDiscount>1</AllowDiscount>
      <itemStatus>1</itemStatus>
      <LastUpdateDate />
      <LastUpdateTime />
    </Product>
    <Product>
      <PriceUpdateDate>2020/01/01 10:51</PriceUpdateDate>
      <ItemCode>7290100850916</ItemCode>
      <ItemType>1</ItemType>
      <ItemName>דוריטוס חמוץ חריף 70 גרם</ItemName>
      <ManufactureName>שטראוס פריטו ליי בעמ</ManufactureName>
      <ManufactureCountry />
      <ManufactureItemDescription />
      <UnitQty>י"ח</UnitQty>
      <Quantity>70</Quantity>
      <UnitMeasure>ל  גרם</UnitMeasure>
      <BisWeighted>0</BisWeighted>
      <QtyInPackage>1</QtyInPackage>
      <ItemPrice>3.90</ItemPrice>
      <UnitOfMeasurePrice>5.57</UnitOfMeasurePrice>
      <AllowDiscount>1</AllowDiscount>
      <itemStatus>1</itemStatus>
      <LastUpdateDate />
      <LastUpdateTime />
    </Product>
    <Product>
      <PriceUpdateDate>2020/01/01 10:51</PriceUpdateDate>
      <ItemCode>7290100850923</ItemCode>
      <ItemType>1</ItemType>
      <ItemName>דוריטוס גריל 70 גרם</ItemName>
      <ManufactureName>שטראוס פריטו ליי בעמ</ManufactureName>
      <ManufactureCountry />
      <ManufactureItemDescription />
      <UnitQty>י"ח</UnitQty>
      <Quantity>70</Quantity>
      <UnitMeasure>ל  גרם</UnitMeasure>
      <BisWeighted>0</BisWeighted>
      <QtyInPackage>1</QtyInPackage>
      <ItemPrice>3.90</ItemPrice>
      <UnitOfMeasurePrice>5.57</UnitOfMeasurePrice>
      <AllowDiscount>1</AllowDiscount>
      <itemStatus>1</itemStatus>
      <LastUpdateDate />
      <LastUpdateTime />
    </Product>
    <Product>
      <PriceUpdateDate>2020/01/01 10:51</PriceUpdateDate>
      <ItemCode>7290100850930</ItemCode>
      <ItemType>1</ItemType>
      <ItemName>דוריטוס טבעי 70 גרם</ItemName>
      <ManufactureName>שטראוס פריטו ליי בעמ</ManufactureName>
      <ManufactureCountry />
      <ManufactureItemDescription />
      <UnitQty>י"ח</UnitQty>
      <Quantity>70</Quantity>
      <UnitMeasure>ל  גרם</UnitMeasure>
      <BisWeighted>0</BisWeighted>
      <QtyInPackage>1</QtyInPackage>
      <ItemPrice>3.90</ItemPrice>
      <UnitOfMeasurePrice>5.57</UnitOfMeasurePrice>
      <AllowDiscount>1</AllowDiscount>
      <itemStatus>1</itemStatus>
      <LastUpdateDate />
      <LastUpdateTime />
    </Product>
    <Product>
      <PriceUpdateDate>2016/02/05 09:19</PriceUpdateDate>
      <ItemCode>7290100853689</ItemCode>
      <ItemType>1</ItemType>
      <ItemName>עוגת בראוניס שוקולד חדשה</ItemName>
      <ManufactureName>שטראוס גרופ בעמ</ManufactureName>
      <ManufactureCountry />
      <ManufactureItemDescription />
      <UnitQty>י"ח</UnitQty>
      <Quantity>380</Quantity>
      <UnitMeasure>ל  גרם</UnitMeasure>
      <BisWeighted>0</BisWeighted>
      <QtyInPackage>1</QtyInPackage>
      <ItemPrice>16.90</ItemPrice>
      <UnitOfMeasurePrice>4.45</UnitOfMeasurePrice>
      <AllowDiscount>0</AllowDiscount>
      <itemStatus>1</itemStatus>
      <LastUpdateDate />
      <LastUpdateTime />
    </Product>
    <Product>
      <PriceUpdateDate>2015/01/11 16:23</PriceUpdateDate>
      <ItemCode>7290100854266</ItemCode>
      <ItemType>1</ItemType>
      <ItemName>שוקולד מריר 60%</ItemName>
      <ManufactureName>שטראוס גרופ בעמ</ManufactureName>
      <ManufactureCountry />
      <ManufactureItemDescription />
      <UnitQty>י"ח</UnitQty>
      <Quantity>100</Quantity>
      <UnitMeasure>ל  גרם</UnitMeasure>
      <BisWeighted>0</BisWeighted>
      <QtyInPackage>1</QtyInPackage>
      <ItemPrice>7.90</ItemPrice>
      <UnitOfMeasurePrice>7.90</UnitOfMeasurePrice>
      <AllowDiscount>0</AllowDiscount>
      <itemStatus>1</itemStatus>
      <LastUpdateDate />
      <LastUpdateTime />
    </Product>
    <Product>
      <PriceUpdateDate>2018/08/07 13:01</PriceUpdateDate>
      <ItemCode>7290100857045</ItemCode>
      <ItemType>1</ItemType>
      <ItemName>ספלנדיד מריר עם קפה</ItemName>
      <ManufactureName>שטראוס גרופ בעמ</ManufactureName>
      <ManufactureCountry />
      <ManufactureItemDescription />
      <UnitQty>י"ח</UnitQty>
      <Quantity>100</Quantity>
      <UnitMeasure>ל  גרם</UnitMeasure>
      <BisWeighted>0</BisWeighted>
      <QtyInPackage>1</QtyInPackage>
      <ItemPrice>11.90</ItemPrice>
      <UnitOfMeasurePrice>11.90</UnitOfMeasurePrice>
      <AllowDiscount>0</AllowDiscount>
      <itemStatus>1</itemStatus>
      <LastUpdateDate />
      <LastUpdateTime />
    </Product>
    <Product>
      <PriceUpdateDate>2018/12/28 10:57</PriceUpdateDate>
      <ItemCode>7290100858592</ItemCode>
      <ItemType>1</ItemType>
      <ItemName>שקית קקאו 150 גרם</ItemName>
      <ManufactureName>שטראוס גרופ בעמ</ManufactureName>
      <ManufactureCountry />
      <ManufactureItemDescription />
      <UnitQty>י"ח</UnitQty>
      <Quantity>150</Quantity>
      <UnitMeasure>ל  גרם</UnitMeasure>
      <BisWeighted>0</BisWeighted>
      <QtyInPackage>1</QtyInPackage>
      <ItemPrice>9.90</ItemPrice>
      <UnitOfMeasurePrice>6.60</UnitOfMeasurePrice>
      <AllowDiscount>0</AllowDiscount>
      <itemStatus>1</itemStatus>
      <LastUpdateDate />
      <LastUpdateTime />
    </Product>
    <Product>
      <PriceUpdateDate>2019/11/05 11:21</PriceUpdateDate>
      <ItemCode>7290100859162</ItemCode>
      <ItemType>1</ItemType>
      <ItemName>מאגדת זוג שוקולד מריר 60%</ItemName>
      <ManufactureName>שטראוס גרופ בעמ</ManufactureName>
      <ManufactureCountry />
      <ManufactureItemDescription />
      <UnitQty>י"ח</UnitQty>
      <Quantity>200</Quantity>
      <UnitMeasure>ל  גרם</UnitMeasure>
      <BisWeighted>0</BisWeighted>
      <QtyInPackage>1</QtyInPackage>
      <ItemPrice>14.90</ItemPrice>
      <UnitOfMeasurePrice>7.45</UnitOfMeasurePrice>
      <AllowDiscount>1</AllowDiscount>
      <itemStatus>1</itemStatus>
      <LastUpdateDate />
      <LastUpdateTime />
    </Product>
    <Product>
      <PriceUpdateDate>2019/11/17 09:19</PriceUpdateDate>
      <ItemCode>7290100921616</ItemCode>
      <ItemType>1</ItemType>
      <ItemName>סוד כדוריות לתליה באסלה לניחוח אורנים</ItemName>
      <ManufactureName>גורי שיווק בעמ</ManufactureName>
      <ManufactureCountry />
      <ManufactureItemDescription />
      <UnitQty>י"ח</UnitQty>
      <Quantity>750</Quantity>
      <UnitMeasure>ל  מ"ל</UnitMeasure>
      <BisWeighted>0</BisWeighted>
      <QtyInPackage>1</QtyInPackage>
      <ItemPrice>8.90</ItemPrice>
      <UnitOfMeasurePrice>1.19</UnitOfMeasurePrice>
      <AllowDiscount>0</AllowDiscount>
      <itemStatus>1</itemStatus>
      <LastUpdateDate />
      <LastUpdateTime />
    </Product>
    <Product>
      <PriceUpdateDate>2019/11/17 09:19</PriceUpdateDate>
      <ItemCode>7290100921623</ItemCode>
      <ItemType>1</ItemType>
      <ItemName>סוד כדוריות לתליה באסלה אקונומיקה</ItemName>
      <ManufactureName>גורי שיווק בעמ</ManufactureName>
      <ManufactureCountry />
      <ManufactureItemDescription />
      <UnitQty>י"ח</UnitQty>
      <Quantity>750</Quantity>
      <UnitMeasure>ל  מ"ל</UnitMeasure>
      <BisWeighted>0</BisWeighted>
      <QtyInPackage>1</QtyInPackage>
      <ItemPrice>8.90</ItemPrice>
      <UnitOfMeasurePrice>1.19</UnitOfMeasurePrice>
      <AllowDiscount>0</AllowDiscount>
      <itemStatus>1</itemStatus>
      <LastUpdateDate />
      <LastUpdateTime />
    </Product>
    <Product>
      <PriceUpdateDate>2016/05/10 10:59</PriceUpdateDate>
      <ItemCode>7290100924549</ItemCode>
      <ItemType>1</ItemType>
      <ItemName>סוד נוזל רצפות ורוד בריליאנט 1.250ליטר</ItemName>
      <ManufactureName>גורי שיווק בעמ</ManufactureName>
      <ManufactureCountry />
      <ManufactureItemDescription />
      <UnitQty>י"ח</UnitQty>
      <Quantity>1.50</Quantity>
      <UnitMeasure>ליטר</UnitMeasure>
      <BisWeighted>0</BisWeighted>
      <QtyInPackage>1</QtyInPackage>
      <ItemPrice>17.90</ItemPrice>
      <UnitOfMeasurePrice>11.93</UnitOfMeasurePrice>
      <AllowDiscount>1</AllowDiscount>
      <itemStatus>1</itemStatus>
      <LastUpdateDate />
      <LastUpdateTime />
    </Product>
    <Product>
      <PriceUpdateDate>2015/11/08 13:35</PriceUpdateDate>
      <ItemCode>7290101453895</ItemCode>
      <ItemType>1</ItemType>
      <ItemName>נר מס -2</ItemName>
      <ManufactureName>שמחה זה אנחנו</ManufactureName>
      <ManufactureCountry />
      <ManufactureItemDescription />
      <UnitQty>י"ח</UnitQty>
      <Quantity>1</Quantity>
      <UnitMeasure />
      <BisWeighted>0</BisWeighted>
      <QtyInPackage>1</QtyInPackage>
      <ItemPrice>3.50</ItemPrice>
      <UnitOfMeasurePrice>3.50</UnitOfMeasurePrice>
      <AllowDiscount>0</AllowDiscount>
      <itemStatus>1</itemStatus>
      <LastUpdateDate />
      <LastUpdateTime />
    </Product>
    <Product>
      <PriceUpdateDate>2015/01/07 15:27</PriceUpdateDate>
      <ItemCode>7290101453901</ItemCode>
      <ItemType>1</ItemType>
      <ItemName>נר מס -3</ItemName>
      <ManufactureName>שמחה זה אנחנו</ManufactureName>
      <ManufactureCountry />
      <ManufactureItemDescription />
      <UnitQty>י"ח</UnitQty>
      <Quantity>1</Quantity>
      <UnitMeasure />
      <BisWeighted>0</BisWeighted>
      <QtyInPackage>1</QtyInPackage>
      <ItemPrice>3.50</ItemPrice>
      <UnitOfMeasurePrice>3.50</UnitOfMeasurePrice>
      <AllowDiscount>0</AllowDiscount>
      <itemStatus>1</itemStatus>
      <LastUpdateDate />
      <LastUpdateTime />
    </Product>
    <Product>
      <PriceUpdateDate>2015/01/07 15:27</PriceUpdateDate>
      <ItemCode>7290101453925</ItemCode>
      <ItemType>1</ItemType>
      <ItemName>נר מס -5</ItemName>
      <ManufactureName>שמחה זה אנחנו</ManufactureName>
      <ManufactureCountry />
      <ManufactureItemDescription />
      <UnitQty>י"ח</UnitQty>
      <Quantity>1</Quantity>
      <UnitMeasure />
      <BisWeighted>0</BisWeighted>
      <QtyInPackage>1</QtyInPackage>
      <ItemPrice>3.50</ItemPrice>
      <UnitOfMeasurePrice>3.50</UnitOfMeasurePrice>
      <AllowDiscount>0</AllowDiscount>
      <itemStatus>1</itemStatus>
      <LastUpdateDate />
      <LastUpdateTime />
    </Product>
    <Product>
      <PriceUpdateDate>2015/01/07 15:28</PriceUpdateDate>
      <ItemCode>7290101453963</ItemCode>
      <ItemType>1</ItemType>
      <ItemName>נר מס -9</ItemName>
      <ManufactureName>שמחה זה אנחנו</ManufactureName>
      <ManufactureCountry />
      <ManufactureItemDescription />
      <UnitQty>י"ח</UnitQty>
      <Quantity>1</Quantity>
      <UnitMeasure />
      <BisWeighted>0</BisWeighted>
      <QtyInPackage>1</QtyInPackage>
      <ItemPrice>3.50</ItemPrice>
      <UnitOfMeasurePrice>3.50</UnitOfMeasurePrice>
      <AllowDiscount>0</AllowDiscount>
      <itemStatus>1</itemStatus>
      <LastUpdateDate />
      <LastUpdateTime />
    </Product>
    <Product>
      <PriceUpdateDate>2018/06/18 10:12</PriceUpdateDate>
      <ItemCode>7290101501138</ItemCode>
      <ItemType>1</ItemType>
      <ItemName>כרובית ארוזה</ItemName>
      <ManufactureName>ביכורי הנגב מ.ד בעמ</ManufactureName>
      <ManufactureCountry />
      <ManufactureItemDescription />
      <UnitQty>י"ח</UnitQty>
      <Quantity>1</Quantity>
      <UnitMeasure>י"ח</UnitMeasure>
      <BisWeighted>0</BisWeighted>
      <QtyInPackage>1</QtyInPackage>
      <ItemPrice>12.90</ItemPrice>
      <UnitOfMeasurePrice>12.90</UnitOfMeasurePrice>
      <AllowDiscount>0</AllowDiscount>
      <itemStatus>1</itemStatus>
      <LastUpdateDate />
      <LastUpdateTime />
    </Product>
    <Product>
      <PriceUpdateDate>2019/01/29 12:28</PriceUpdateDate>
      <ItemCode>7290101551027</ItemCode>
      <ItemType>1</ItemType>
      <ItemName>קפסולות אספרסו חזק עלית 14יח כשל"פ</ItemName>
      <ManufactureName>שטראוס גרופ בעמ</ManufactureName>
      <ManufactureCountry />
      <ManufactureItemDescription />
      <UnitQty>י"ח</UnitQty>
      <Quantity>50</Quantity>
      <UnitMeasure>ל  גרם</UnitMeasure>
      <BisWeighted>0</BisWeighted>
      <QtyInPackage>1</QtyInPackage>
      <ItemPrice>17.90</ItemPrice>
      <UnitOfMeasurePrice>35.80</UnitOfMeasurePrice>
      <AllowDiscount>1</AllowDiscount>
      <itemStatus>1</itemStatus>
      <LastUpdateDate />
      <LastUpdateTime />
    </Product>
    <Product>
      <PriceUpdateDate>2018/09/20 09:31</PriceUpdateDate>
      <ItemCode>7290101551263</ItemCode>
      <ItemType>1</ItemType>
      <ItemName>סילאן  טבעי 700ג יד מרדכי</ItemName>
      <ManufactureName>שטראוס גרופ בעמ</ManufactureName>
      <ManufactureCountry />
      <ManufactureItemDescription />
      <UnitQty>י"ח</UnitQty>
      <Quantity>700</Quantity>
      <UnitMeasure>ל  גרם</UnitMeasure>
      <BisWeighted>0</BisWeighted>
      <QtyInPackage>1</QtyInPackage>
      <ItemPrice>21.90</ItemPrice>
      <UnitOfMeasurePrice>3.13</UnitOfMeasurePrice>
      <AllowDiscount>0</AllowDiscount>
      <itemStatus>1</itemStatus>
      <LastUpdateDate />
      <LastUpdateTime />
    </Product>
    <Product>
      <PriceUpdateDate>2018/10/14 15:49</PriceUpdateDate>
      <ItemCode>7290101551539</ItemCode>
      <ItemType>1</ItemType>
      <ItemName>דנונה פרו 20גר אפרסק</ItemName>
      <ManufactureName>שטראוס גרופ ***בעמ</ManufactureName>
      <ManufactureCountry />
      <ManufactureItemDescription />
      <UnitQty>י"ח</UnitQty>
      <Quantity>20</Quantity>
      <UnitMeasure>ל  מ"ל</UnitMeasure>
      <BisWeighted>0</BisWeighted>
      <QtyInPackage>1</QtyInPackage>
      <ItemPrice>5.90</ItemPrice>
      <UnitOfMeasurePrice>29.50</UnitOfMeasurePrice>
      <AllowDiscount>0</AllowDiscount>
      <itemStatus>1</itemStatus>
      <LastUpdateDate />
      <LastUpdateTime />
    </Product>
    <Product>
      <PriceUpdateDate>2018/10/09 12:25</PriceUpdateDate>
      <ItemCode>7290101551584</ItemCode>
      <ItemType>1</ItemType>
      <ItemName>מארז תפוצ`יפס קידס  *10 20 גרם</ItemName>
      <ManufactureName>שטראוס פריטו ליי בעמ</ManufactureName>
      <ManufactureCountry />
      <ManufactureItemDescription />
      <UnitQty>י"ח</UnitQty>
      <Quantity>10</Quantity>
      <UnitMeasure>י"ח</UnitMeasure>
      <BisWeighted>0</BisWeighted>
      <QtyInPackage>1</QtyInPackage>
      <ItemPrice>13.90</ItemPrice>
      <UnitOfMeasurePrice>1.39</UnitOfMeasurePrice>
      <AllowDiscount>0</AllowDiscount>
      <itemStatus>1</itemStatus>
      <LastUpdateDate />
      <LastUpdateTime />
    </Product>
    <Product>
      <PriceUpdateDate>2018/10/09 12:25</PriceUpdateDate>
      <ItemCode>7290101551621</ItemCode>
      <ItemType>1</ItemType>
      <ItemName>מארז צ`יטוס דולפינים 1/10</ItemName>
      <ManufactureName>שטראוס פריטו ליי בעמ</ManufactureName>
      <ManufactureCountry />
      <ManufactureItemDescription />
      <UnitQty>י"ח</UnitQty>
      <Quantity>10</Quantity>
      <UnitMeasure>י"ח</UnitMeasure>
      <BisWeighted>0</BisWeighted>
      <QtyInPackage>1</QtyInPackage>
      <ItemPrice>12.90</ItemPrice>
      <UnitOfMeasurePrice>1.29</UnitOfMeasurePrice>
      <AllowDiscount>0</AllowDiscount>
      <itemStatus>1</itemStatus>
      <LastUpdateDate />
      <LastUpdateTime />
    </Product>
    <Product>
      <PriceUpdateDate>2018/10/09 12:25</PriceUpdateDate>
      <ItemCode>7290101551638</ItemCode>
      <ItemType>1</ItemType>
      <ItemName>מארז צ יטוס כאפה 1/10</ItemName>
      <ManufactureName>שטראוס פריטו ליי בעמ</ManufactureName>
      <ManufactureCountry />
      <ManufactureItemDescription />
      <UnitQty>י"ח</UnitQty>
      <Quantity>10</Quantity>
      <UnitMeasure>י"ח</UnitMeasure>
      <BisWeighted>0</BisWeighted>
      <QtyInPackage>1</QtyInPackage>
      <ItemPrice>12.90</ItemPrice>
      <UnitOfMeasurePrice>1.29</UnitOfMeasurePrice>
      <AllowDiscount>0</AllowDiscount>
      <itemStatus>1</itemStatus>
      <LastUpdateDate />
      <LastUpdateTime />
    </Product>
    <Product>
      <PriceUpdateDate>2018/10/09 12:25</PriceUpdateDate>
      <ItemCode>7290101551645</ItemCode>
      <ItemType>1</ItemType>
      <ItemName>מארז צ יטוס איקס עיגול 1/10</ItemName>
      <ManufactureName>שטראוס פריטו ליי בעמ</ManufactureName>
      <ManufactureCountry />
      <ManufactureItemDescription />
      <UnitQty>י"ח</UnitQty>
      <Quantity>10</Quantity>
      <UnitMeasure>י"ח</UnitMeasure>
      <BisWeighted>0</BisWeighted>
      <QtyInPackage>1</QtyInPackage>
      <ItemPrice>12.90</ItemPrice>
      <UnitOfMeasurePrice>1.29</UnitOfMeasurePrice>
      <AllowDiscount>0</AllowDiscount>
      <itemStatus>1</itemStatus>
      <LastUpdateDate />
      <LastUpdateTime />
    </Product>
    <Product>
      <PriceUpdateDate>2018/12/18 18:42</PriceUpdateDate>
      <ItemCode>7290101557609</ItemCode>
      <ItemType>1</ItemType>
      <ItemName>דניאלה מנגו</ItemName>
      <ManufactureName>שטראוס גרופ ***בעמ</ManufactureName>
      <ManufactureCountry />
      <ManufactureItemDescription />
      <UnitQty>י"ח</UnitQty>
      <Quantity>88</Quantity>
      <UnitMeasure>ל  מ"ל</UnitMeasure>
      <BisWeighted>0</BisWeighted>
      <QtyInPackage>1</QtyInPackage>
      <ItemPrice>4.30</ItemPrice>
      <UnitOfMeasurePrice>4.89</UnitOfMeasurePrice>
      <AllowDiscount>0</AllowDiscount>
      <itemStatus>1</itemStatus>
      <LastUpdateDate />
      <LastUpdateTime />
    </Product>
    <Product>
      <PriceUpdateDate>2020/03/30 13:14</PriceUpdateDate>
      <ItemCode>7290101825227</ItemCode>
      <ItemType>1</ItemType>
      <ItemName>כפפות לטקס עם אבקה 100יח M</ItemName>
      <ManufactureName>השק השקעות א.ו.ר בעמ</ManufactureName>
      <ManufactureCountry />
      <ManufactureItemDescription />
      <UnitQty>י"ח</UnitQty>
      <Quantity>100</Quantity>
      <UnitMeasure>י"ח</UnitMeasure>
      <BisWeighted>0</BisWeighted>
      <QtyInPackage>1</QtyInPackage>
      <ItemPrice>24.90</ItemPrice>
      <UnitOfMeasurePrice>0.25</UnitOfMeasurePrice>
      <AllowDiscount>0</AllowDiscount>
      <itemStatus>1</itemStatus>
      <LastUpdateDate />
      <LastUpdateTime />
    </Product>
    <Product>
      <PriceUpdateDate>2020/01/16 09:32</PriceUpdateDate>
      <ItemCode>7290101860914</ItemCode>
      <ItemType>1</ItemType>
      <ItemName>קולון 101 6 ק"ג</ItemName>
      <ManufactureName>רקיט בנקיזר (ניר איסט) בעמ</ManufactureName>
      <ManufactureCountry />
      <ManufactureItemDescription />
      <UnitQty>י"ח</UnitQty>
      <Quantity>6</Quantity>
      <UnitMeasure>ק"ג</UnitMeasure>
      <BisWeighted>0</BisWeighted>
      <QtyInPackage>1</QtyInPackage>
      <ItemPrice>35.90</ItemPrice>
      <UnitOfMeasurePrice>5.98</UnitOfMeasurePrice>
      <AllowDiscount>1</AllowDiscount>
      <itemStatus>1</itemStatus>
      <LastUpdateDate />
      <LastUpdateTime />
    </Product>
    <Product>
      <PriceUpdateDate>2019/03/11 15:04</PriceUpdateDate>
      <ItemCode>7290101863410</ItemCode>
      <ItemType>1</ItemType>
      <ItemName>סיליט ספריי אקונומיקה</ItemName>
      <ManufactureName>רקיט בנקיזר (ניר איסט) בעמ</ManufactureName>
      <ManufactureCountry />
      <ManufactureItemDescription />
      <UnitQty>י"ח</UnitQty>
      <Quantity>1</Quantity>
      <UnitMeasure />
      <BisWeighted>0</BisWeighted>
      <QtyInPackage>1</QtyInPackage>
      <ItemPrice>12.90</ItemPrice>
      <UnitOfMeasurePrice>12.90</UnitOfMeasurePrice>
      <AllowDiscount>1</AllowDiscount>
      <itemStatus>1</itemStatus>
      <LastUpdateDate />
      <LastUpdateTime />
    </Product>
    <Product>
      <PriceUpdateDate>2016/01/14 17:09</PriceUpdateDate>
      <ItemCode>7290101866633</ItemCode>
      <ItemType>1</ItemType>
      <ItemName>קליה ג`ל 3ל</ItemName>
      <ManufactureName>רקיט בנקיזר (ניר איסט) בעמ</ManufactureName>
      <ManufactureCountry />
      <ManufactureItemDescription />
      <UnitQty>י"ח</UnitQty>
      <Quantity>1.70</Quantity>
      <UnitMeasure>ליטר</UnitMeasure>
      <BisWeighted>0</BisWeighted>
      <QtyInPackage>1</QtyInPackage>
      <ItemPrice>29.90</ItemPrice>
      <UnitOfMeasurePrice>17.59</UnitOfMeasurePrice>
      <AllowDiscount>1</AllowDiscount>
      <itemStatus>1</itemStatus>
      <LastUpdateDate />
      <LastUpdateTime />
    </Product>
    <Product>
      <PriceUpdateDate>2019/02/25 14:04</PriceUpdateDate>
      <ItemCode>7290101868958</ItemCode>
      <ItemType>1</ItemType>
      <ItemName>פיניש הברקה לימון 800מ"ל</ItemName>
      <ManufactureName>רקיט בנקיזר (ניר איסט) בעמ</ManufactureName>
      <ManufactureCountry />
      <ManufactureItemDescription />
      <UnitQty>י"ח</UnitQty>
      <Quantity>800</Quantity>
      <UnitMeasure>ל  מ"ל</UnitMeasure>
      <BisWeighted>0</BisWeighted>
      <QtyInPackage>1</QtyInPackage>
      <ItemPrice>27.90</ItemPrice>
      <UnitOfMeasurePrice>3.49</UnitOfMeasurePrice>
      <AllowDiscount>1</AllowDiscount>
      <itemStatus>1</itemStatus>
      <LastUpdateDate />
      <LastUpdateTime />
    </Product>
    <Product>
      <PriceUpdateDate>2019/09/18 11:03</PriceUpdateDate>
      <ItemCode>7290101869788</ItemCode>
      <ItemType>1</ItemType>
      <ItemName>מילוי מבשם אוטומטי אואזיס</ItemName>
      <ManufactureName>רקיט בנקיזר (ניר איסט) בעמ</ManufactureName>
      <ManufactureCountry />
      <ManufactureItemDescription />
      <UnitQty>י"ח</UnitQty>
      <Quantity>1</Quantity>
      <UnitMeasure />
      <BisWeighted>0</BisWeighted>
      <QtyInPackage>1</QtyInPackage>
      <ItemPrice>19.90</ItemPrice>
      <UnitOfMeasurePrice>19.90</UnitOfMeasurePrice>
      <AllowDiscount>1</AllowDiscount>
      <itemStatus>1</itemStatus>
      <LastUpdateDate />
      <LastUpdateTime />
    </Product>
    <Product>
      <PriceUpdateDate>2019/09/18 11:03</PriceUpdateDate>
      <ItemCode>7290101869917</ItemCode>
      <ItemType>1</ItemType>
      <ItemName>מילוי מבשם אוטומטי היער הקסום</ItemName>
      <ManufactureName>רקיט בנקיזר (ניר איסט) בעמ</ManufactureName>
      <ManufactureCountry />
      <ManufactureItemDescription />
      <UnitQty>י"ח</UnitQty>
      <Quantity>1</Quantity>
      <UnitMeasure />
      <BisWeighted>0</BisWeighted>
      <QtyInPackage>1</QtyInPackage>
      <ItemPrice>19.90</ItemPrice>
      <UnitOfMeasurePrice>19.90</UnitOfMeasurePrice>
      <AllowDiscount>1</AllowDiscount>
      <itemStatus>1</itemStatus>
      <LastUpdateDate />
      <LastUpdateTime />
    </Product>
    <Product>
      <PriceUpdateDate>2016/01/11 17:14</PriceUpdateDate>
      <ItemCode>7290101980919</ItemCode>
      <ItemType>1</ItemType>
      <ItemName>מארז ביצי שוקולד מעוצב</ItemName>
      <ManufactureName>שמחה זה אנחנו</ManufactureName>
      <ManufactureCountry />
      <ManufactureItemDescription />
      <UnitQty>י"ח</UnitQty>
      <Quantity>1</Quantity>
      <UnitMeasure />
      <BisWeighted>0</BisWeighted>
      <QtyInPackage>1</QtyInPackage>
      <ItemPrice>15</ItemPrice>
      <UnitOfMeasurePrice>15</UnitOfMeasurePrice>
      <AllowDiscount>1</AllowDiscount>
      <itemStatus>1</itemStatus>
      <LastUpdateDate />
      <LastUpdateTime />
    </Product>
    <Product>
      <PriceUpdateDate>2015/01/07 15:54</PriceUpdateDate>
      <ItemCode>7290101999652</ItemCode>
      <ItemType>1</ItemType>
      <ItemName>נרות מטה כוכבים-מיקי</ItemName>
      <ManufactureName>שמחה זה אנחנו</ManufactureName>
      <ManufactureCountry />
      <ManufactureItemDescription />
      <UnitQty>י"ח</UnitQty>
      <Quantity>1</Quantity>
      <UnitMeasure />
      <BisWeighted>0</BisWeighted>
      <QtyInPackage>1</QtyInPackage>
      <ItemPrice>6</ItemPrice>
      <UnitOfMeasurePrice>6</UnitOfMeasurePrice>
      <AllowDiscount>0</AllowDiscount>
      <itemStatus>1</itemStatus>
      <LastUpdateDate />
      <LastUpdateTime />
    </Product>
    <Product>
      <PriceUpdateDate>2016/07/26 09:31</PriceUpdateDate>
      <ItemCode>7290102031276</ItemCode>
      <ItemType>1</ItemType>
      <ItemName>אקטימל שמיניה תות בננה</ItemName>
      <ManufactureName>שטראוס גרופ ***בעמ</ManufactureName>
      <ManufactureCountry />
      <ManufactureItemDescription />
      <UnitQty>י"ח</UnitQty>
      <Quantity>800</Quantity>
      <UnitMeasure>ל  מ"ל</UnitMeasure>
      <BisWeighted>0</BisWeighted>
      <QtyInPackage>1</QtyInPackage>
      <ItemPrice>20.90</ItemPrice>
      <UnitOfMeasurePrice>2.61</UnitOfMeasurePrice>
      <AllowDiscount>1</AllowDiscount>
      <itemStatus>1</itemStatus>
      <LastUpdateDate />
      <LastUpdateTime />
    </Product>
    <Product>
      <PriceUpdateDate>2017/10/03 10:37</PriceUpdateDate>
      <ItemCode>7290102032334</ItemCode>
      <ItemType>1</ItemType>
      <ItemName>קפה נמס וניל 200 גרם</ItemName>
      <ManufactureName>שטראוס גרופ בעמ</ManufactureName>
      <ManufactureCountry />
      <ManufactureItemDescription />
      <UnitQty>י"ח</UnitQty>
      <Quantity>200</Quantity>
      <UnitMeasure>ל  גרם</UnitMeasure>
      <BisWeighted>0</BisWeighted>
      <QtyInPackage>1</QtyInPackage>
      <ItemPrice>25.90</ItemPrice>
      <UnitOfMeasurePrice>12.95</UnitOfMeasurePrice>
      <AllowDiscount>0</AllowDiscount>
      <itemStatus>1</itemStatus>
      <LastUpdateDate />
      <LastUpdateTime />
    </Product>
    <Product>
      <PriceUpdateDate>2017/07/11 11:42</PriceUpdateDate>
      <ItemCode>7290102062195</ItemCode>
      <ItemType>1</ItemType>
      <ItemName>משחת שיניים אלמקס ג`וניור</ItemName>
      <ManufactureName>ש.שסטוביץ בעמ</ManufactureName>
      <ManufactureCountry />
      <ManufactureItemDescription />
      <UnitQty>י"ח</UnitQty>
      <Quantity>1</Quantity>
      <UnitMeasure />
      <BisWeighted>0</BisWeighted>
      <QtyInPackage>1</QtyInPackage>
      <ItemPrice>14.90</ItemPrice>
      <UnitOfMeasurePrice>14.90</UnitOfMeasurePrice>
      <AllowDiscount>1</AllowDiscount>
      <itemStatus>1</itemStatus>
      <LastUpdateDate />
      <LastUpdateTime />
    </Product>
    <Product>
      <PriceUpdateDate>2014/04/30 09:13</PriceUpdateDate>
      <ItemCode>7290102300815</ItemCode>
      <ItemType>1</ItemType>
      <ItemName>צדר פרוס כתום  200ג</ItemName>
      <ManufactureName>נטו מלינדה סחר בעמ</ManufactureName>
      <ManufactureCountry />
      <ManufactureItemDescription />
      <UnitQty>י"ח</UnitQty>
      <Quantity>200</Quantity>
      <UnitMeasure>ל  גרם</UnitMeasure>
      <BisWeighted>0</BisWeighted>
      <QtyInPackage>1</QtyInPackage>
      <ItemPrice>21.90</ItemPrice>
      <UnitOfMeasurePrice>10.95</UnitOfMeasurePrice>
      <AllowDiscount>1</AllowDiscount>
      <itemStatus>1</itemStatus>
      <LastUpdateDate />
      <LastUpdateTime />
    </Product>
    <Product>
      <PriceUpdateDate>2015/11/03 09:04</PriceUpdateDate>
      <ItemCode>7290102390427</ItemCode>
      <ItemType>1</ItemType>
      <ItemName>מולר תות FROOP MULLER</ItemName>
      <ManufactureName>*חברה המרכזית להפצתמשקאותבעמ*</ManufactureName>
      <ManufactureCountry />
      <ManufactureItemDescription />
      <UnitQty>י"ח</UnitQty>
      <Quantity>150</Quantity>
      <UnitMeasure>ל  מ"ל</UnitMeasure>
      <BisWeighted>0</BisWeighted>
      <QtyInPackage>1</QtyInPackage>
      <ItemPrice>4.80</ItemPrice>
      <UnitOfMeasurePrice>3.20</UnitOfMeasurePrice>
      <AllowDiscount>1</AllowDiscount>
      <itemStatus>1</itemStatus>
      <LastUpdateDate />
      <LastUpdateTime />
    </Product>
    <Product>
      <PriceUpdateDate>2015/11/03 09:05</PriceUpdateDate>
      <ItemCode>7290102390465</ItemCode>
      <ItemType>1</ItemType>
      <ItemName>מולר אפרסק ופסיפלורה</ItemName>
      <ManufactureName>*חברה המרכזית להפצתמשקאותבעמ*</ManufactureName>
      <ManufactureCountry />
      <ManufactureItemDescription />
      <UnitQty>י"ח</UnitQty>
      <Quantity>150</Quantity>
      <UnitMeasure>ל  מ"ל</UnitMeasure>
      <BisWeighted>0</BisWeighted>
      <QtyInPackage>1</QtyInPackage>
      <ItemPrice>4.80</ItemPrice>
      <UnitOfMeasurePrice>3.20</UnitOfMeasurePrice>
      <AllowDiscount>1</AllowDiscount>
      <itemStatus>1</itemStatus>
      <LastUpdateDate />
      <LastUpdateTime />
    </Product>
    <Product>
      <PriceUpdateDate>2015/11/03 09:06</PriceUpdateDate>
      <ItemCode>7290102391844</ItemCode>
      <ItemType>1</ItemType>
      <ItemName>יוגורט מולר פירות יער</ItemName>
      <ManufactureName>*חברה המרכזית להפצתמשקאותבעמ*</ManufactureName>
      <ManufactureCountry />
      <ManufactureItemDescription />
      <UnitQty>י"ח</UnitQty>
      <Quantity>150</Quantity>
      <UnitMeasure>ל  מ"ל</UnitMeasure>
      <BisWeighted>0</BisWeighted>
      <QtyInPackage>1</QtyInPackage>
      <ItemPrice>4.80</ItemPrice>
      <UnitOfMeasurePrice>3.20</UnitOfMeasurePrice>
      <AllowDiscount>1</AllowDiscount>
      <itemStatus>1</itemStatus>
      <LastUpdateDate />
      <LastUpdateTime />
    </Product>
    <Product>
      <PriceUpdateDate>2016/07/19 18:14</PriceUpdateDate>
      <ItemCode>7290102392094</ItemCode>
      <ItemType>1</ItemType>
      <ItemName>חלב עיזים בקרטון 1ליטר</ItemName>
      <ManufactureName>*חברה המרכזית להפצתמשקאותבעמ*</ManufactureName>
      <ManufactureCountry />
      <ManufactureItemDescription />
      <UnitQty>י"ח</UnitQty>
      <Quantity>1</Quantity>
      <UnitMeasure>ליטר</UnitMeasure>
      <BisWeighted>0</BisWeighted>
      <QtyInPackage>1</QtyInPackage>
      <ItemPrice>14.90</ItemPrice>
      <UnitOfMeasurePrice>14.90</UnitOfMeasurePrice>
      <AllowDiscount>0</AllowDiscount>
      <itemStatus>1</itemStatus>
      <LastUpdateDate />
      <LastUpdateTime />
    </Product>
    <Product>
      <PriceUpdateDate>2019/06/13 20:04</PriceUpdateDate>
      <ItemCode>7290102392254</ItemCode>
      <ItemType>1</ItemType>
      <ItemName>חלב 2ליטר  *1%*</ItemName>
      <ManufactureName>*חברה המרכזית להפצתמשקאותבעמ*</ManufactureName>
      <ManufactureCountry />
      <ManufactureItemDescription />
      <UnitQty>י"ח</UnitQty>
      <Quantity>2</Quantity>
      <UnitMeasure>ליטר</UnitMeasure>
      <BisWeighted>0</BisWeighted>
      <QtyInPackage>1</QtyInPackage>
      <ItemPrice>11.18</ItemPrice>
      <UnitOfMeasurePrice>5.59</UnitOfMeasurePrice>
      <AllowDiscount>0</AllowDiscount>
      <itemStatus>1</itemStatus>
      <LastUpdateDate />
      <LastUpdateTime />
    </Product>
    <Product>
      <PriceUpdateDate>2019/05/27 11:20</PriceUpdateDate>
      <ItemCode>7290102393039</ItemCode>
      <ItemType>1</ItemType>
      <ItemName>מולר מיקס יוגורט קרמי</ItemName>
      <ManufactureName>*חברה המרכזית להפצתמשקאותבעמ*</ManufactureName>
      <ManufactureCountry />
      <ManufactureItemDescription />
      <UnitQty>י"ח</UnitQty>
      <Quantity>500</Quantity>
      <UnitMeasure>ל  גרם</UnitMeasure>
      <BisWeighted>0</BisWeighted>
      <QtyInPackage>1</QtyInPackage>
      <ItemPrice>5.70</ItemPrice>
      <UnitOfMeasurePrice>1.14</UnitOfMeasurePrice>
      <AllowDiscount>0</AllowDiscount>
      <itemStatus>1</itemStatus>
      <LastUpdateDate />
      <LastUpdateTime />
    </Product>
    <Product>
      <PriceUpdateDate>2019/05/27 11:20</PriceUpdateDate>
      <ItemCode>7290102393060</ItemCode>
      <ItemType>1</ItemType>
      <ItemName>מולר מיקס יוגורט קרמי</ItemName>
      <ManufactureName>*חברה המרכזית להפצתמשקאותבעמ*</ManufactureName>
      <ManufactureCountry />
      <ManufactureItemDescription />
      <UnitQty>י"ח</UnitQty>
      <Quantity>500</Quantity>
      <UnitMeasure>ל  גרם</UnitMeasure>
      <BisWeighted>0</BisWeighted>
      <QtyInPackage>1</QtyInPackage>
      <ItemPrice>5.70</ItemPrice>
      <UnitOfMeasurePrice>1.14</UnitOfMeasurePrice>
      <AllowDiscount>0</AllowDiscount>
      <itemStatus>1</itemStatus>
      <LastUpdateDate />
      <LastUpdateTime />
    </Product>
    <Product>
      <PriceUpdateDate>2017/01/22 18:34</PriceUpdateDate>
      <ItemCode>7290102393176</ItemCode>
      <ItemType>1</ItemType>
      <ItemName>סימפלי פרויט אפרסק</ItemName>
      <ManufactureName>*חברה המרכזית להפצתמשקאותבעמ*</ManufactureName>
      <ManufactureCountry />
      <ManufactureItemDescription />
      <UnitQty>י"ח</UnitQty>
      <Quantity>150</Quantity>
      <UnitMeasure>ל  מ"ל</UnitMeasure>
      <BisWeighted>0</BisWeighted>
      <QtyInPackage>1</QtyInPackage>
      <ItemPrice>4.90</ItemPrice>
      <UnitOfMeasurePrice>3.27</UnitOfMeasurePrice>
      <AllowDiscount>0</AllowDiscount>
      <itemStatus>1</itemStatus>
      <LastUpdateDate />
      <LastUpdateTime />
    </Product>
    <Product>
      <PriceUpdateDate>2017/01/22 18:36</PriceUpdateDate>
      <ItemCode>7290102393190</ItemCode>
      <ItemType>1</ItemType>
      <ItemName>סימפלי פרויט פירות יער</ItemName>
      <ManufactureName>*חברה המרכזית להפצתמשקאותבעמ*</ManufactureName>
      <ManufactureCountry />
      <ManufactureItemDescription />
      <UnitQty>י"ח</UnitQty>
      <Quantity>150</Quantity>
      <UnitMeasure>ל  מ"ל</UnitMeasure>
      <BisWeighted>0</BisWeighted>
      <QtyInPackage>1</QtyInPackage>
      <ItemPrice>4.90</ItemPrice>
      <UnitOfMeasurePrice>3.27</UnitOfMeasurePrice>
      <AllowDiscount>0</AllowDiscount>
      <itemStatus>1</itemStatus>
      <LastUpdateDate />
      <LastUpdateTime />
    </Product>
    <Product>
      <PriceUpdateDate>2017/01/22 18:35</PriceUpdateDate>
      <ItemCode>7290102393947</ItemCode>
      <ItemType>1</ItemType>
      <ItemName>סימפלי פרויט  קיווי</ItemName>
      <ManufactureName>*חברה המרכזית להפצתמשקאותבעמ*</ManufactureName>
      <ManufactureCountry />
      <ManufactureItemDescription />
      <UnitQty>י"ח</UnitQty>
      <Quantity>150</Quantity>
      <UnitMeasure>ל  מ"ל</UnitMeasure>
      <BisWeighted>0</BisWeighted>
      <QtyInPackage>1</QtyInPackage>
      <ItemPrice>4.90</ItemPrice>
      <UnitOfMeasurePrice>3.27</UnitOfMeasurePrice>
      <AllowDiscount>0</AllowDiscount>
      <itemStatus>1</itemStatus>
      <LastUpdateDate />
      <LastUpdateTime />
    </Product>
    <Product>
      <PriceUpdateDate>2019/05/27 11:20</PriceUpdateDate>
      <ItemCode>7290102394081</ItemCode>
      <ItemType>1</ItemType>
      <ItemName>מולר מיקס יוגורט קרמי</ItemName>
      <ManufactureName>*חברה המרכזית להפצתמשקאותבעמ*</ManufactureName>
      <ManufactureCountry />
      <ManufactureItemDescription />
      <UnitQty>י"ח</UnitQty>
      <Quantity>500</Quantity>
      <UnitMeasure>ל  גרם</UnitMeasure>
      <BisWeighted>0</BisWeighted>
      <QtyInPackage>1</QtyInPackage>
      <ItemPrice>5.70</ItemPrice>
      <UnitOfMeasurePrice>1.14</UnitOfMeasurePrice>
      <AllowDiscount>0</AllowDiscount>
      <itemStatus>1</itemStatus>
      <LastUpdateDate />
      <LastUpdateTime />
    </Product>
    <Product>
      <PriceUpdateDate>2013/12/25 13:22</PriceUpdateDate>
      <ItemCode>7290102394258</ItemCode>
      <ItemType>1</ItemType>
      <ItemName>מה  עז 180גרם 9% שומן  צוריאל</ItemName>
      <ManufactureName>*חברה המרכזית להפצתמשקאותבעמ*</ManufactureName>
      <ManufactureCountry />
      <ManufactureItemDescription />
      <UnitQty>י"ח</UnitQty>
      <Quantity>180</Quantity>
      <UnitMeasure>ל  גרם</UnitMeasure>
      <BisWeighted>0</BisWeighted>
      <QtyInPackage>1</QtyInPackage>
      <ItemPrice>23</ItemPrice>
      <UnitOfMeasurePrice>12.78</UnitOfMeasurePrice>
      <AllowDiscount>1</AllowDiscount>
      <itemStatus>1</itemStatus>
      <LastUpdateDate />
      <LastUpdateTime />
    </Product>
    <Product>
      <PriceUpdateDate>2019/03/17 09:15</PriceUpdateDate>
      <ItemCode>7290102394463</ItemCode>
      <ItemType>1</ItemType>
      <ItemName>גבינה צהובה נעם 500 גרם פרוס 28%</ItemName>
      <ManufactureName>*חברה המרכזית להפצתמשקאותבעמ*</ManufactureName>
      <ManufactureCountry />
      <ManufactureItemDescription />
      <UnitQty>י"ח</UnitQty>
      <Quantity>500</Quantity>
      <UnitMeasure>ל  גרם</UnitMeasure>
      <BisWeighted>0</BisWeighted>
      <QtyInPackage>1</QtyInPackage>
      <ItemPrice>24.90</ItemPrice>
      <UnitOfMeasurePrice>4.98</UnitOfMeasurePrice>
      <AllowDiscount>0</AllowDiscount>
      <itemStatus>1</itemStatus>
      <LastUpdateDate />
      <LastUpdateTime />
    </Product>
    <Product>
      <PriceUpdateDate>2019/03/17 09:15</PriceUpdateDate>
      <ItemCode>7290102394821</ItemCode>
      <ItemType>1</ItemType>
      <ItemName>גבינה צהובה 28% דק דק לפתיחה חוזרת 200</ItemName>
      <ManufactureName>*חברה המרכזית להפצתמשקאותבעמ*</ManufactureName>
      <ManufactureCountry />
      <ManufactureItemDescription />
      <UnitQty>י"ח</UnitQty>
      <Quantity>200</Quantity>
      <UnitMeasure>ל  גרם</UnitMeasure>
      <BisWeighted>0</BisWeighted>
      <QtyInPackage>1</QtyInPackage>
      <ItemPrice>15.90</ItemPrice>
      <UnitOfMeasurePrice>7.95</UnitOfMeasurePrice>
      <AllowDiscount>1</AllowDiscount>
      <itemStatus>1</itemStatus>
      <LastUpdateDate />
      <LastUpdateTime />
    </Product>
    <Product>
      <PriceUpdateDate>2018/08/10 10:00</PriceUpdateDate>
      <ItemCode>7290102394845</ItemCode>
      <ItemType>1</ItemType>
      <ItemName>גבינה צהובה  9% 200גר דק דק לפתיחה חוזרת</ItemName>
      <ManufactureName>*חברה המרכזית להפצתמשקאותבעמ*</ManufactureName>
      <ManufactureCountry />
      <ManufactureItemDescription />
      <UnitQty>י"ח</UnitQty>
      <Quantity>200</Quantity>
      <UnitMeasure>ל  גרם</UnitMeasure>
      <BisWeighted>0</BisWeighted>
      <QtyInPackage>1</QtyInPackage>
      <ItemPrice>16.30</ItemPrice>
      <UnitOfMeasurePrice>8.15</UnitOfMeasurePrice>
      <AllowDiscount>1</AllowDiscount>
      <itemStatus>1</itemStatus>
      <LastUpdateDate />
      <LastUpdateTime />
    </Product>
    <Product>
      <PriceUpdateDate>2019/05/27 11:21</PriceUpdateDate>
      <ItemCode>7290102395101</ItemCode>
      <ItemType>1</ItemType>
      <ItemName>ממרח גבינה ושוקולד{שוקי}</ItemName>
      <ManufactureName>*חברה המרכזית להפצתמשקאותבעמ*</ManufactureName>
      <ManufactureCountry />
      <ManufactureItemDescription />
      <UnitQty>י"ח</UnitQty>
      <Quantity>227</Quantity>
      <UnitMeasure>ל  גרם</UnitMeasure>
      <BisWeighted>0</BisWeighted>
      <QtyInPackage>1</QtyInPackage>
      <ItemPrice>11.50</ItemPrice>
      <UnitOfMeasurePrice>5.07</UnitOfMeasurePrice>
      <AllowDiscount>0</AllowDiscount>
      <itemStatus>1</itemStatus>
      <LastUpdateDate />
      <LastUpdateTime />
    </Product>
    <Product>
      <PriceUpdateDate>2018/08/10 10:03</PriceUpdateDate>
      <ItemCode>7290102395217</ItemCode>
      <ItemType>1</ItemType>
      <ItemName>מאגדת שמינייה מתיקות מעודנת 2%</ItemName>
      <ManufactureName>*חברה המרכזית להפצתמשקאותבעמ*</ManufactureName>
      <ManufactureCountry />
      <ManufactureItemDescription />
      <UnitQty>י"ח</UnitQty>
      <Quantity>900</Quantity>
      <UnitMeasure>ל  גרם</UnitMeasure>
      <BisWeighted>0</BisWeighted>
      <QtyInPackage>1</QtyInPackage>
      <ItemPrice>17.90</ItemPrice>
      <UnitOfMeasurePrice>1.99</UnitOfMeasurePrice>
      <AllowDiscount>0</AllowDiscount>
      <itemStatus>1</itemStatus>
      <LastUpdateDate />
      <LastUpdateTime />
    </Product>
    <Product>
      <PriceUpdateDate>2015/05/27 00:12</PriceUpdateDate>
      <ItemCode>7290102395224</ItemCode>
      <ItemType>1</ItemType>
      <ItemName>מאגדת שמינייה מולר ביאנקו נטורל 1.7%</ItemName>
      <ManufactureName>*חברה המרכזית להפצתמשקאותבעמ*</ManufactureName>
      <ManufactureCountry />
      <ManufactureItemDescription />
      <UnitQty>י"ח</UnitQty>
      <Quantity>900</Quantity>
      <UnitMeasure>ל  גרם</UnitMeasure>
      <BisWeighted>0</BisWeighted>
      <QtyInPackage>1</QtyInPackage>
      <ItemPrice>16.90</ItemPrice>
      <UnitOfMeasurePrice>1.88</UnitOfMeasurePrice>
      <AllowDiscount>1</AllowDiscount>
      <itemStatus>1</itemStatus>
      <LastUpdateDate />
      <LastUpdateTime />
    </Product>
    <Product>
      <PriceUpdateDate>2015/05/27 00:14</PriceUpdateDate>
      <ItemCode>7290102395262</ItemCode>
      <ItemType>1</ItemType>
      <ItemName>מאגדת שמינייה מולר 3%</ItemName>
      <ManufactureName>*חברה המרכזית להפצתמשקאותבעמ*</ManufactureName>
      <ManufactureCountry />
      <ManufactureItemDescription />
      <UnitQty>י"ח</UnitQty>
      <Quantity>150</Quantity>
      <UnitMeasure>ל  מ"ל</UnitMeasure>
      <BisWeighted>0</BisWeighted>
      <QtyInPackage>1</QtyInPackage>
      <ItemPrice>28.90</ItemPrice>
      <UnitOfMeasurePrice>19.27</UnitOfMeasurePrice>
      <AllowDiscount>0</AllowDiscount>
      <itemStatus>1</itemStatus>
      <LastUpdateDate />
      <LastUpdateTime />
    </Product>
    <Product>
      <PriceUpdateDate>2015/08/02 20:02</PriceUpdateDate>
      <ItemCode>7290102395477</ItemCode>
      <ItemType>1</ItemType>
      <ItemName>מעדן מוו שוקולד</ItemName>
      <ManufactureName>*חברה המרכזית להפצתמשקאותבעמ*</ManufactureName>
      <ManufactureCountry />
      <ManufactureItemDescription />
      <UnitQty>י"ח</UnitQty>
      <Quantity>250</Quantity>
      <UnitMeasure>ל  גרם</UnitMeasure>
      <BisWeighted>0</BisWeighted>
      <QtyInPackage>1</QtyInPackage>
      <ItemPrice>2.80</ItemPrice>
      <UnitOfMeasurePrice>1.12</UnitOfMeasurePrice>
      <AllowDiscount>0</AllowDiscount>
      <itemStatus>1</itemStatus>
      <LastUpdateDate />
      <LastUpdateTime />
    </Product>
    <Product>
      <PriceUpdateDate>2015/08/02 20:04</PriceUpdateDate>
      <ItemCode>7290102396399</ItemCode>
      <ItemType>1</ItemType>
      <ItemName>מאגדת מוו שמינייה מעדן שוקולד 100גר</ItemName>
      <ManufactureName>*חברה המרכזית להפצתמשקאותבעמ*</ManufactureName>
      <ManufactureCountry />
      <ManufactureItemDescription />
      <UnitQty>י"ח</UnitQty>
      <Quantity>800</Quantity>
      <UnitMeasure>ל  גרם</UnitMeasure>
      <BisWeighted>0</BisWeighted>
      <QtyInPackage>1</QtyInPackage>
      <ItemPrice>13.90</ItemPrice>
      <UnitOfMeasurePrice>1.74</UnitOfMeasurePrice>
      <AllowDiscount>0</AllowDiscount>
      <itemStatus>1</itemStatus>
      <LastUpdateDate />
      <LastUpdateTime />
    </Product>
    <Product>
      <PriceUpdateDate>2015/08/02 20:04</PriceUpdateDate>
      <ItemCode>7290102396405</ItemCode>
      <ItemType>1</ItemType>
      <ItemName>מאגדת מוו שמינייה מעדן וניל 100גר</ItemName>
      <ManufactureName>*חברה המרכזית להפצתמשקאותבעמ*</ManufactureName>
      <ManufactureCountry />
      <ManufactureItemDescription />
      <UnitQty>י"ח</UnitQty>
      <Quantity>800</Quantity>
      <UnitMeasure>ל  גרם</UnitMeasure>
      <BisWeighted>0</BisWeighted>
      <QtyInPackage>1</QtyInPackage>
      <ItemPrice>13.90</ItemPrice>
      <UnitOfMeasurePrice>1.74</UnitOfMeasurePrice>
      <AllowDiscount>0</AllowDiscount>
      <itemStatus>1</itemStatus>
      <LastUpdateDate />
      <LastUpdateTime />
    </Product>
    <Product>
      <PriceUpdateDate>2015/08/02 20:02</PriceUpdateDate>
      <ItemCode>7290102396436</ItemCode>
      <ItemType>1</ItemType>
      <ItemName>מעדן מוו שוקולד</ItemName>
      <ManufactureName>*חברה המרכזית להפצתמשקאותבעמ*</ManufactureName>
      <ManufactureCountry />
      <ManufactureItemDescription />
      <UnitQty>י"ח</UnitQty>
      <Quantity>250</Quantity>
      <UnitMeasure>ל  גרם</UnitMeasure>
      <BisWeighted>0</BisWeighted>
      <QtyInPackage>1</QtyInPackage>
      <ItemPrice>2.80</ItemPrice>
      <UnitOfMeasurePrice>1.12</UnitOfMeasurePrice>
      <AllowDiscount>0</AllowDiscount>
      <itemStatus>1</itemStatus>
      <LastUpdateDate />
      <LastUpdateTime />
    </Product>
    <Product>
      <PriceUpdateDate>2015/08/02 20:02</PriceUpdateDate>
      <ItemCode>7290102396443</ItemCode>
      <ItemType>1</ItemType>
      <ItemName>מעדן מוו וניל</ItemName>
      <ManufactureName>*חברה המרכזית להפצתמשקאותבעמ*</ManufactureName>
      <ManufactureCountry />
      <ManufactureItemDescription />
      <UnitQty>י"ח</UnitQty>
      <Quantity>250</Quantity>
      <UnitMeasure>ל  גרם</UnitMeasure>
      <BisWeighted>0</BisWeighted>
      <QtyInPackage>1</QtyInPackage>
      <ItemPrice>2.80</ItemPrice>
      <UnitOfMeasurePrice>1.12</UnitOfMeasurePrice>
      <AllowDiscount>0</AllowDiscount>
      <itemStatus>1</itemStatus>
      <LastUpdateDate />
      <LastUpdateTime />
    </Product>
    <Product>
      <PriceUpdateDate>2015/08/02 20:02</PriceUpdateDate>
      <ItemCode>7290102396498</ItemCode>
      <ItemType>1</ItemType>
      <ItemName>מעדן מוו תות</ItemName>
      <ManufactureName>*חברה המרכזית להפצתמשקאותבעמ*</ManufactureName>
      <ManufactureCountry />
      <ManufactureItemDescription />
      <UnitQty>י"ח</UnitQty>
      <Quantity>250</Quantity>
      <UnitMeasure>ל  גרם</UnitMeasure>
      <BisWeighted>0</BisWeighted>
      <QtyInPackage>1</QtyInPackage>
      <ItemPrice>2.80</ItemPrice>
      <UnitOfMeasurePrice>1.12</UnitOfMeasurePrice>
      <AllowDiscount>0</AllowDiscount>
      <itemStatus>1</itemStatus>
      <LastUpdateDate />
      <LastUpdateTime />
    </Product>
    <Product>
      <PriceUpdateDate>2015/08/02 20:02</PriceUpdateDate>
      <ItemCode>7290102396580</ItemCode>
      <ItemType>1</ItemType>
      <ItemName>מעדן מוו שוקולד ומוס שוקולד 123גר</ItemName>
      <ManufactureName>*חברה המרכזית להפצתמשקאותבעמ*</ManufactureName>
      <ManufactureCountry />
      <ManufactureItemDescription />
      <UnitQty>י"ח</UnitQty>
      <Quantity>123</Quantity>
      <UnitMeasure>ל  גרם</UnitMeasure>
      <BisWeighted>0</BisWeighted>
      <QtyInPackage>1</QtyInPackage>
      <ItemPrice>2.80</ItemPrice>
      <UnitOfMeasurePrice>2.28</UnitOfMeasurePrice>
      <AllowDiscount>0</AllowDiscount>
      <itemStatus>1</itemStatus>
      <LastUpdateDate />
      <LastUpdateTime />
    </Product>
    <Product>
      <PriceUpdateDate>2015/08/02 20:02</PriceUpdateDate>
      <ItemCode>7290102396597</ItemCode>
      <ItemType>1</ItemType>
      <ItemName>מעדן מוו וניל ומוס שוקולד 123גר</ItemName>
      <ManufactureName>*חברה המרכזית להפצתמשקאותבעמ*</ManufactureName>
      <ManufactureCountry />
      <ManufactureItemDescription />
      <UnitQty>י"ח</UnitQty>
      <Quantity>123</Quantity>
      <UnitMeasure>ל  גרם</UnitMeasure>
      <BisWeighted>0</BisWeighted>
      <QtyInPackage>1</QtyInPackage>
      <ItemPrice>2.80</ItemPrice>
      <UnitOfMeasurePrice>2.28</UnitOfMeasurePrice>
      <AllowDiscount>0</AllowDiscount>
      <itemStatus>1</itemStatus>
      <LastUpdateDate />
      <LastUpdateTime />
    </Product>
    <Product>
      <PriceUpdateDate>2015/10/07 17:17</PriceUpdateDate>
      <ItemCode>7290102396665</ItemCode>
      <ItemType>1</ItemType>
      <ItemName>גבינה צהובה  15% 200גר נעם דק דק סגור</ItemName>
      <ManufactureName>*חברה המרכזית להפצתמשקאותבעמ*</ManufactureName>
      <ManufactureCountry />
      <ManufactureItemDescription />
      <UnitQty>י"ח</UnitQty>
      <Quantity>200</Quantity>
      <UnitMeasure>ל  גרם</UnitMeasure>
      <BisWeighted>0</BisWeighted>
      <QtyInPackage>1</QtyInPackage>
      <ItemPrice>15.90</ItemPrice>
      <UnitOfMeasurePrice>7.95</UnitOfMeasurePrice>
      <AllowDiscount>1</AllowDiscount>
      <itemStatus>1</itemStatus>
      <LastUpdateDate />
      <LastUpdateTime />
    </Product>
    <Product>
      <PriceUpdateDate>2017/08/08 10:51</PriceUpdateDate>
      <ItemCode>7290102396979</ItemCode>
      <ItemType>1</ItemType>
      <ItemName>סימפלי פרויט אננס 0%</ItemName>
      <ManufactureName>*חברה המרכזית להפצתמשקאותבעמ*</ManufactureName>
      <ManufactureCountry />
      <ManufactureItemDescription />
      <UnitQty>י"ח</UnitQty>
      <Quantity>150</Quantity>
      <UnitMeasure>ל  מ"ל</UnitMeasure>
      <BisWeighted>0</BisWeighted>
      <QtyInPackage>1</QtyInPackage>
      <ItemPrice>4.90</ItemPrice>
      <UnitOfMeasurePrice>3.27</UnitOfMeasurePrice>
      <AllowDiscount>0</AllowDiscount>
      <itemStatus>1</itemStatus>
      <LastUpdateDate />
      <LastUpdateTime />
    </Product>
    <Product>
      <PriceUpdateDate>2018/08/10 10:01</PriceUpdateDate>
      <ItemCode>7290102397204</ItemCode>
      <ItemType>1</ItemType>
      <ItemName>גבינה צהובה  22% 200גר נעם דק דק סגור</ItemName>
      <ManufactureName>*חברה המרכזית להפצתמשקאותבעמ*</ManufactureName>
      <ManufactureCountry />
      <ManufactureItemDescription />
      <UnitQty>י"ח</UnitQty>
      <Quantity>200</Quantity>
      <UnitMeasure>ל  גרם</UnitMeasure>
      <BisWeighted>0</BisWeighted>
      <QtyInPackage>1</QtyInPackage>
      <ItemPrice>15.40</ItemPrice>
      <UnitOfMeasurePrice>7.70</UnitOfMeasurePrice>
      <AllowDiscount>1</AllowDiscount>
      <itemStatus>1</itemStatus>
      <LastUpdateDate />
      <LastUpdateTime />
    </Product>
    <Product>
      <PriceUpdateDate>2019/05/27 11:20</PriceUpdateDate>
      <ItemCode>7290102397617</ItemCode>
      <ItemType>1</ItemType>
      <ItemName>מולר מיקס קליק</ItemName>
      <ManufactureName>*חברה המרכזית להפצתמשקאותבעמ*</ManufactureName>
      <ManufactureCountry />
      <ManufactureItemDescription />
      <UnitQty>י"ח</UnitQty>
      <Quantity>500</Quantity>
      <UnitMeasure>ל  גרם</UnitMeasure>
      <BisWeighted>0</BisWeighted>
      <QtyInPackage>1</QtyInPackage>
      <ItemPrice>5.70</ItemPrice>
      <UnitOfMeasurePrice>1.14</UnitOfMeasurePrice>
      <AllowDiscount>0</AllowDiscount>
      <itemStatus>1</itemStatus>
      <LastUpdateDate />
      <LastUpdateTime />
    </Product>
    <Product>
      <PriceUpdateDate>2018/12/02 10:29</PriceUpdateDate>
      <ItemCode>7290102397679</ItemCode>
      <ItemType>1</ItemType>
      <ItemName>קוטג 5% 375ג</ItemName>
      <ManufactureName>*חברה המרכזית להפצתמשקאותבעמ*</ManufactureName>
      <ManufactureCountry />
      <ManufactureItemDescription />
      <UnitQty>י"ח</UnitQty>
      <Quantity>350</Quantity>
      <UnitMeasure>ל  גרם</UnitMeasure>
      <BisWeighted>0</BisWeighted>
      <QtyInPackage>1</QtyInPackage>
      <ItemPrice>7.20</ItemPrice>
      <UnitOfMeasurePrice>2.06</UnitOfMeasurePrice>
      <AllowDiscount>0</AllowDiscount>
      <itemStatus>1</itemStatus>
      <LastUpdateDate />
      <LastUpdateTime />
    </Product>
    <Product>
      <PriceUpdateDate>2018/05/01 13:03</PriceUpdateDate>
      <ItemCode>7290102397730</ItemCode>
      <ItemType>1</ItemType>
      <ItemName>אמנטל נעם 200ג</ItemName>
      <ManufactureName>*חברה המרכזית להפצתמשקאותבעמ*</ManufactureName>
      <ManufactureCountry />
      <ManufactureItemDescription />
      <UnitQty>י"ח</UnitQty>
      <Quantity>200</Quantity>
      <UnitMeasure>ל  גרם</UnitMeasure>
      <BisWeighted>0</BisWeighted>
      <QtyInPackage>1</QtyInPackage>
      <ItemPrice>16.90</ItemPrice>
      <UnitOfMeasurePrice>8.45</UnitOfMeasurePrice>
      <AllowDiscount>1</AllowDiscount>
      <itemStatus>1</itemStatus>
      <LastUpdateDate />
      <LastUpdateTime />
    </Product>
    <Product>
      <PriceUpdateDate>2017/04/09 11:45</PriceUpdateDate>
      <ItemCode>7290102397891</ItemCode>
      <ItemType>1</ItemType>
      <ItemName>גבינת מותכת 100ג צוריאל</ItemName>
      <ManufactureName>*חברה המרכזית להפצתמשקאותבעמ*</ManufactureName>
      <ManufactureCountry />
      <ManufactureItemDescription />
      <UnitQty>י"ח</UnitQty>
      <Quantity>100</Quantity>
      <UnitMeasure>ל  מ"ל</UnitMeasure>
      <BisWeighted>0</BisWeighted>
      <QtyInPackage>1</QtyInPackage>
      <ItemPrice>6.90</ItemPrice>
      <UnitOfMeasurePrice>6.90</UnitOfMeasurePrice>
      <AllowDiscount>0</AllowDiscount>
      <itemStatus>1</itemStatus>
      <LastUpdateDate />
      <LastUpdateTime />
    </Product>
    <Product>
      <PriceUpdateDate>2019/06/13 20:04</PriceUpdateDate>
      <ItemCode>7290102398065</ItemCode>
      <ItemType>1</ItemType>
      <ItemName>חלב טרה קרטון 2 ליטר   מהדרין*%*3</ItemName>
      <ManufactureName>*חברה המרכזית להפצתמשקאותבעמ*</ManufactureName>
      <ManufactureCountry />
      <ManufactureItemDescription />
      <UnitQty>י"ח</UnitQty>
      <Quantity>2</Quantity>
      <UnitMeasure>ליטר</UnitMeasure>
      <BisWeighted>0</BisWeighted>
      <QtyInPackage>1</QtyInPackage>
      <ItemPrice>11.88</ItemPrice>
      <UnitOfMeasurePrice>5.94</UnitOfMeasurePrice>
      <AllowDiscount>0</AllowDiscount>
      <itemStatus>1</itemStatus>
      <LastUpdateDate />
      <LastUpdateTime />
    </Product>
    <Product>
      <PriceUpdateDate>2018/05/14 14:23</PriceUpdateDate>
      <ItemCode>7290102398140</ItemCode>
      <ItemType>1</ItemType>
      <ItemName>מולר רייס מתיקות עדינה 170ג</ItemName>
      <ManufactureName>*חברה המרכזית להפצתמשקאותבעמ*</ManufactureName>
      <ManufactureCountry />
      <ManufactureItemDescription />
      <UnitQty>י"ח</UnitQty>
      <Quantity>170</Quantity>
      <UnitMeasure>ל  מ"ל</UnitMeasure>
      <BisWeighted>0</BisWeighted>
      <QtyInPackage>1</QtyInPackage>
      <ItemPrice>4.90</ItemPrice>
      <UnitOfMeasurePrice>2.88</UnitOfMeasurePrice>
      <AllowDiscount>1</AllowDiscount>
      <itemStatus>1</itemStatus>
      <LastUpdateDate />
      <LastUpdateTime />
    </Product>
    <Product>
      <PriceUpdateDate>2018/05/14 14:24</PriceUpdateDate>
      <ItemCode>7290102398188</ItemCode>
      <ItemType>1</ItemType>
      <ItemName>מולר רייס טעם תות 170ג</ItemName>
      <ManufactureName>*חברה המרכזית להפצתמשקאותבעמ*</ManufactureName>
      <ManufactureCountry />
      <ManufactureItemDescription />
      <UnitQty>י"ח</UnitQty>
      <Quantity>170</Quantity>
      <UnitMeasure>ל  מ"ל</UnitMeasure>
      <BisWeighted>0</BisWeighted>
      <QtyInPackage>1</QtyInPackage>
      <ItemPrice>4.90</ItemPrice>
      <UnitOfMeasurePrice>2.88</UnitOfMeasurePrice>
      <AllowDiscount>1</AllowDiscount>
      <itemStatus>1</itemStatus>
      <LastUpdateDate />
      <LastUpdateTime />
    </Product>
    <Product>
      <PriceUpdateDate>2019/05/27 11:20</PriceUpdateDate>
      <ItemCode>7290102398348</ItemCode>
      <ItemType>1</ItemType>
      <ItemName>מולר מיקס בתוספת כריות FROOP MULLER</ItemName>
      <ManufactureName>*חברה המרכזית להפצתמשקאותבעמ*</ManufactureName>
      <ManufactureCountry />
      <ManufactureItemDescription />
      <UnitQty>י"ח</UnitQty>
      <Quantity>150</Quantity>
      <UnitMeasure>ל  מ"ל</UnitMeasure>
      <BisWeighted>0</BisWeighted>
      <QtyInPackage>1</QtyInPackage>
      <ItemPrice>5.70</ItemPrice>
      <UnitOfMeasurePrice>3.80</UnitOfMeasurePrice>
      <AllowDiscount>0</AllowDiscount>
      <itemStatus>1</itemStatus>
      <LastUpdateDate />
      <LastUpdateTime />
    </Product>
    <Product>
      <PriceUpdateDate>2018/03/05 16:33</PriceUpdateDate>
      <ItemCode>7290102398416</ItemCode>
      <ItemType>1</ItemType>
      <ItemName>גבינת  קרם שמנת בצלים קלויים 5%</ItemName>
      <ManufactureName>*חברה המרכזית להפצתמשקאותבעמ*</ManufactureName>
      <ManufactureCountry />
      <ManufactureItemDescription />
      <UnitQty>י"ח</UnitQty>
      <Quantity>200</Quantity>
      <UnitMeasure>ל  גרם</UnitMeasure>
      <BisWeighted>0</BisWeighted>
      <QtyInPackage>1</QtyInPackage>
      <ItemPrice>11.50</ItemPrice>
      <UnitOfMeasurePrice>5.75</UnitOfMeasurePrice>
      <AllowDiscount>1</AllowDiscount>
      <itemStatus>1</itemStatus>
      <LastUpdateDate />
      <LastUpdateTime />
    </Product>
    <Product>
      <PriceUpdateDate>2020/02/10 12:50</PriceUpdateDate>
      <ItemCode>7290102398553</ItemCode>
      <ItemType>1</ItemType>
      <ItemName>שוקו טרה בבקבוק 1.5ליטר</ItemName>
      <ManufactureName>*חברה המרכזית להפצתמשקאותבעמ*</ManufactureName>
      <ManufactureCountry />
      <ManufactureItemDescription />
      <UnitQty>י"ח</UnitQty>
      <Quantity>1.50</Quantity>
      <UnitMeasure>ליטר</UnitMeasure>
      <BisWeighted>0</BisWeighted>
      <QtyInPackage>1</QtyInPackage>
      <ItemPrice>16.90</ItemPrice>
      <UnitOfMeasurePrice>11.27</UnitOfMeasurePrice>
      <AllowDiscount>1</AllowDiscount>
      <itemStatus>1</itemStatus>
      <LastUpdateDate />
      <LastUpdateTime />
    </Product>
    <Product>
      <PriceUpdateDate>2018/06/17 10:35</PriceUpdateDate>
      <ItemCode>7290102398560</ItemCode>
      <ItemType>1</ItemType>
      <ItemName>שוקו מעושר 1ל בקבוק</ItemName>
      <ManufactureName>*חברה המרכזית להפצתמשקאותבעמ*</ManufactureName>
      <ManufactureCountry />
      <ManufactureItemDescription />
      <UnitQty>י"ח</UnitQty>
      <Quantity>1</Quantity>
      <UnitMeasure>ליטר</UnitMeasure>
      <BisWeighted>0</BisWeighted>
      <QtyInPackage>1</QtyInPackage>
      <ItemPrice>11.90</ItemPrice>
      <UnitOfMeasurePrice>11.90</UnitOfMeasurePrice>
      <AllowDiscount>1</AllowDiscount>
      <itemStatus>1</itemStatus>
      <LastUpdateDate />
      <LastUpdateTime />
    </Product>
    <Product>
      <PriceUpdateDate>2018/06/17 10:38</PriceUpdateDate>
      <ItemCode>7290102398577</ItemCode>
      <ItemType>1</ItemType>
      <ItemName>שוקו מעושר 250מ"ל בקבוק פקק ספורט</ItemName>
      <ManufactureName>*חברה המרכזית להפצתמשקאותבעמ*</ManufactureName>
      <ManufactureCountry />
      <ManufactureItemDescription />
      <UnitQty>י"ח</UnitQty>
      <Quantity>250</Quantity>
      <UnitMeasure>ל  מ"ל</UnitMeasure>
      <BisWeighted>0</BisWeighted>
      <QtyInPackage>1</QtyInPackage>
      <ItemPrice>5.40</ItemPrice>
      <UnitOfMeasurePrice>2.16</UnitOfMeasurePrice>
      <AllowDiscount>0</AllowDiscount>
      <itemStatus>1</itemStatus>
      <LastUpdateDate />
      <LastUpdateTime />
    </Product>
    <Product>
      <PriceUpdateDate>2018/06/17 10:36</PriceUpdateDate>
      <ItemCode>7290102398614</ItemCode>
      <ItemType>1</ItemType>
      <ItemName>משקה חלב טעם בננה  1ל בקבוק</ItemName>
      <ManufactureName>*חברה המרכזית להפצתמשקאותבעמ*</ManufactureName>
      <ManufactureCountry />
      <ManufactureItemDescription />
      <UnitQty>י"ח</UnitQty>
      <Quantity>1</Quantity>
      <UnitMeasure>ליטר</UnitMeasure>
      <BisWeighted>0</BisWeighted>
      <QtyInPackage>1</QtyInPackage>
      <ItemPrice>11.90</ItemPrice>
      <UnitOfMeasurePrice>11.90</UnitOfMeasurePrice>
      <AllowDiscount>1</AllowDiscount>
      <itemStatus>1</itemStatus>
      <LastUpdateDate />
      <LastUpdateTime />
    </Product>
    <Product>
      <PriceUpdateDate>2019/06/25 12:10</PriceUpdateDate>
      <ItemCode>7290102398652</ItemCode>
      <ItemType>1</ItemType>
      <ItemName>משקה שוקולד אגוזים 1 ליטר</ItemName>
      <ManufactureName>*חברה המרכזית להפצתמשקאותבעמ*</ManufactureName>
      <ManufactureCountry />
      <ManufactureItemDescription />
      <UnitQty>י"ח</UnitQty>
      <Quantity>1</Quantity>
      <UnitMeasure>ליטר</UnitMeasure>
      <BisWeighted>0</BisWeighted>
      <QtyInPackage>1</QtyInPackage>
      <ItemPrice>11.90</ItemPrice>
      <UnitOfMeasurePrice>11.90</UnitOfMeasurePrice>
      <AllowDiscount>1</AllowDiscount>
      <itemStatus>1</itemStatus>
      <LastUpdateDate />
      <LastUpdateTime />
    </Product>
    <Product>
      <PriceUpdateDate>2019/02/25 08:40</PriceUpdateDate>
      <ItemCode>7290102398713</ItemCode>
      <ItemType>1</ItemType>
      <ItemName>יוגורט עזים עם פירות יער 150ג</ItemName>
      <ManufactureName>*חברה המרכזית להפצתמשקאותבעמ*</ManufactureName>
      <ManufactureCountry />
      <ManufactureItemDescription />
      <UnitQty>י"ח</UnitQty>
      <Quantity>140</Quantity>
      <UnitMeasure>ל  מ"ל</UnitMeasure>
      <BisWeighted>0</BisWeighted>
      <QtyInPackage>1</QtyInPackage>
      <ItemPrice>6.30</ItemPrice>
      <UnitOfMeasurePrice>4.50</UnitOfMeasurePrice>
      <AllowDiscount>0</AllowDiscount>
      <itemStatus>1</itemStatus>
      <LastUpdateDate />
      <LastUpdateTime />
    </Product>
    <Product>
      <PriceUpdateDate>2019/10/10 10:49</PriceUpdateDate>
      <ItemCode>7290102398782</ItemCode>
      <ItemType>1</ItemType>
      <ItemName>משקה סויה קלאסי 1ל בקבוק משק צוריא</ItemName>
      <ManufactureName>*חברה המרכזית להפצתמשקאותבעמ*</ManufactureName>
      <ManufactureCountry />
      <ManufactureItemDescription />
      <UnitQty>י"ח</UnitQty>
      <Quantity>1</Quantity>
      <UnitMeasure>ליטר</UnitMeasure>
      <BisWeighted>0</BisWeighted>
      <QtyInPackage>1</QtyInPackage>
      <ItemPrice>11.90</ItemPrice>
      <UnitOfMeasurePrice>11.90</UnitOfMeasurePrice>
      <AllowDiscount>1</AllowDiscount>
      <itemStatus>1</itemStatus>
      <LastUpdateDate />
      <LastUpdateTime />
    </Product>
    <Product>
      <PriceUpdateDate>2019/10/10 10:49</PriceUpdateDate>
      <ItemCode>7290102398799</ItemCode>
      <ItemType>1</ItemType>
      <ItemName>משקה סויה במתיקות 1ל בקבוק משק צוריא</ItemName>
      <ManufactureName>*חברה המרכזית להפצתמשקאותבעמ*</ManufactureName>
      <ManufactureCountry />
      <ManufactureItemDescription />
      <UnitQty>י"ח</UnitQty>
      <Quantity>1</Quantity>
      <UnitMeasure>ליטר</UnitMeasure>
      <BisWeighted>0</BisWeighted>
      <QtyInPackage>1</QtyInPackage>
      <ItemPrice>11.90</ItemPrice>
      <UnitOfMeasurePrice>11.90</UnitOfMeasurePrice>
      <AllowDiscount>1</AllowDiscount>
      <itemStatus>1</itemStatus>
      <LastUpdateDate />
      <LastUpdateTime />
    </Product>
    <Product>
      <PriceUpdateDate>2019/10/10 10:49</PriceUpdateDate>
      <ItemCode>7290102398805</ItemCode>
      <ItemType>1</ItemType>
      <ItemName>משקה סויה בטעם וניל 1ל בקבוק משק צוריא</ItemName>
      <ManufactureName>*חברה המרכזית להפצתמשקאותבעמ*</ManufactureName>
      <ManufactureCountry />
      <ManufactureItemDescription />
      <UnitQty>י"ח</UnitQty>
      <Quantity>1</Quantity>
      <UnitMeasure>ליטר</UnitMeasure>
      <BisWeighted>0</BisWeighted>
      <QtyInPackage>1</QtyInPackage>
      <ItemPrice>11.90</ItemPrice>
      <UnitOfMeasurePrice>11.90</UnitOfMeasurePrice>
      <AllowDiscount>1</AllowDiscount>
      <itemStatus>1</itemStatus>
      <LastUpdateDate />
      <LastUpdateTime />
    </Product>
    <Product>
      <PriceUpdateDate>2019/10/10 10:49</PriceUpdateDate>
      <ItemCode>7290102398812</ItemCode>
      <ItemType>1</ItemType>
      <ItemName>משקה סויה לייט 1ל בקבוק משק צוריא</ItemName>
      <ManufactureName>*חברה המרכזית להפצתמשקאותבעמ*</ManufactureName>
      <ManufactureCountry />
      <ManufactureItemDescription />
      <UnitQty>י"ח</UnitQty>
      <Quantity>1</Quantity>
      <UnitMeasure>ליטר</UnitMeasure>
      <BisWeighted>0</BisWeighted>
      <QtyInPackage>1</QtyInPackage>
      <ItemPrice>11.90</ItemPrice>
      <UnitOfMeasurePrice>11.90</UnitOfMeasurePrice>
      <AllowDiscount>1</AllowDiscount>
      <itemStatus>1</itemStatus>
      <LastUpdateDate />
      <LastUpdateTime />
    </Product>
    <Product>
      <PriceUpdateDate>2019/10/10 10:49</PriceUpdateDate>
      <ItemCode>7290102398836</ItemCode>
      <ItemType>1</ItemType>
      <ItemName>משקה שקדים קלאסי 1ליטר משק צוריא</ItemName>
      <ManufactureName>*חברה המרכזית להפצתמשקאותבעמ*</ManufactureName>
      <ManufactureCountry />
      <ManufactureItemDescription />
      <UnitQty>י"ח</UnitQty>
      <Quantity>1</Quantity>
      <UnitMeasure>ליטר</UnitMeasure>
      <BisWeighted>0</BisWeighted>
      <QtyInPackage>1</QtyInPackage>
      <ItemPrice>12.90</ItemPrice>
      <UnitOfMeasurePrice>12.90</UnitOfMeasurePrice>
      <AllowDiscount>0</AllowDiscount>
      <itemStatus>1</itemStatus>
      <LastUpdateDate />
      <LastUpdateTime />
    </Product>
    <Product>
      <PriceUpdateDate>2019/05/16 07:38</PriceUpdateDate>
      <ItemCode>7290102399048</ItemCode>
      <ItemType>1</ItemType>
      <ItemName>קשקבל נעם 200גרם</ItemName>
      <ManufactureName>*חברה המרכזית להפצתמשקאותבעמ*</ManufactureName>
      <ManufactureCountry />
      <ManufactureItemDescription />
      <UnitQty>י"ח</UnitQty>
      <Quantity>200</Quantity>
      <UnitMeasure>ל  גרם</UnitMeasure>
      <BisWeighted>0</BisWeighted>
      <QtyInPackage>1</QtyInPackage>
      <ItemPrice>22.90</ItemPrice>
      <UnitOfMeasurePrice>11.45</UnitOfMeasurePrice>
      <AllowDiscount>1</AllowDiscount>
      <itemStatus>1</itemStatus>
      <LastUpdateDate />
      <LastUpdateTime />
    </Product>
    <Product>
      <PriceUpdateDate>2019/07/24 08:40</PriceUpdateDate>
      <ItemCode>7290102399123</ItemCode>
      <ItemType>1</ItemType>
      <ItemName>משקה מולר אקטיב בטעם תות בננה</ItemName>
      <ManufactureName>*חברה המרכזית להפצתמשקאותבעמ*</ManufactureName>
      <ManufactureCountry />
      <ManufactureItemDescription />
      <UnitQty>י"ח</UnitQty>
      <Quantity>26</Quantity>
      <UnitMeasure>ל  מ"ל</UnitMeasure>
      <BisWeighted>0</BisWeighted>
      <QtyInPackage>1</QtyInPackage>
      <ItemPrice>6.90</ItemPrice>
      <UnitOfMeasurePrice>26.54</UnitOfMeasurePrice>
      <AllowDiscount>0</AllowDiscount>
      <itemStatus>1</itemStatus>
      <LastUpdateDate />
      <LastUpdateTime />
    </Product>
    <Product>
      <PriceUpdateDate>2020/01/01 09:21</PriceUpdateDate>
      <ItemCode>7290102399703</ItemCode>
      <ItemType>1</ItemType>
      <ItemName>מאגדת שמינייה סימפלי 1.5% מנגו ואננס</ItemName>
      <ManufactureName>*חברה המרכזית להפצתמשקאותבעמ*</ManufactureName>
      <ManufactureCountry />
      <ManufactureItemDescription />
      <UnitQty>י"ח</UnitQty>
      <Quantity>1.20</Quantity>
      <UnitMeasure>ליטר</UnitMeasure>
      <BisWeighted>0</BisWeighted>
      <QtyInPackage>1</QtyInPackage>
      <ItemPrice>28.90</ItemPrice>
      <UnitOfMeasurePrice>24.08</UnitOfMeasurePrice>
      <AllowDiscount>0</AllowDiscount>
      <itemStatus>1</itemStatus>
      <LastUpdateDate />
      <LastUpdateTime />
    </Product>
    <Product>
      <PriceUpdateDate>2013/06/04 18:09</PriceUpdateDate>
      <ItemCode>7290103128739</ItemCode>
      <ItemType>1</ItemType>
      <ItemName>צמרונים לתינוק</ItemName>
      <ManufactureName>ש.שסטוביץ בעמ</ManufactureName>
      <ManufactureCountry />
      <ManufactureItemDescription />
      <UnitQty>י"ח</UnitQty>
      <Quantity>1</Quantity>
      <UnitMeasure>י"ח</UnitMeasure>
      <BisWeighted>0</BisWeighted>
      <QtyInPackage>1</QtyInPackage>
      <ItemPrice>6.60</ItemPrice>
      <UnitOfMeasurePrice>6.60</UnitOfMeasurePrice>
      <AllowDiscount>0</AllowDiscount>
      <itemStatus>1</itemStatus>
      <LastUpdateDate />
      <LastUpdateTime />
    </Product>
    <Product>
      <PriceUpdateDate>2016/08/05 09:47</PriceUpdateDate>
      <ItemCode>7290103401382</ItemCode>
      <ItemType>1</ItemType>
      <ItemName>קפה נמס אפריקאי</ItemName>
      <ManufactureName>שטראוס גרופ בעמ</ManufactureName>
      <ManufactureCountry />
      <ManufactureItemDescription />
      <UnitQty>י"ח</UnitQty>
      <Quantity>200</Quantity>
      <UnitMeasure>ל  גרם</UnitMeasure>
      <BisWeighted>0</BisWeighted>
      <QtyInPackage>1</QtyInPackage>
      <ItemPrice>27.90</ItemPrice>
      <UnitOfMeasurePrice>13.95</UnitOfMeasurePrice>
      <AllowDiscount>1</AllowDiscount>
      <itemStatus>1</itemStatus>
      <LastUpdateDate />
      <LastUpdateTime />
    </Product>
    <Product>
      <PriceUpdateDate>2018/07/16 13:44</PriceUpdateDate>
      <ItemCode>7290103402815</ItemCode>
      <ItemType>1</ItemType>
      <ItemName>שמיניית אצבעות שוקולד במילוי קרם חלב.</ItemName>
      <ManufactureName>שטראוס גרופ בעמ</ManufactureName>
      <ManufactureCountry />
      <ManufactureItemDescription />
      <UnitQty>י"ח</UnitQty>
      <Quantity>1</Quantity>
      <UnitMeasure>י"ח</UnitMeasure>
      <BisWeighted>0</BisWeighted>
      <QtyInPackage>1</QtyInPackage>
      <ItemPrice>7.90</ItemPrice>
      <UnitOfMeasurePrice>7.90</UnitOfMeasurePrice>
      <AllowDiscount>0</AllowDiscount>
      <itemStatus>1</itemStatus>
      <LastUpdateDate />
      <LastUpdateTime />
    </Product>
    <Product>
      <PriceUpdateDate>2013/12/24 15:47</PriceUpdateDate>
      <ItemCode>7290103404758</ItemCode>
      <ItemType>1</ItemType>
      <ItemName>כרוב 120גר`</ItemName>
      <ManufactureName>שטראוס גרופ ***בעמ</ManufactureName>
      <ManufactureCountry />
      <ManufactureItemDescription />
      <UnitQty>י"ח</UnitQty>
      <Quantity>120</Quantity>
      <UnitMeasure>ל  גרם</UnitMeasure>
      <BisWeighted>0</BisWeighted>
      <QtyInPackage>1</QtyInPackage>
      <ItemPrice>5</ItemPrice>
      <UnitOfMeasurePrice>4.17</UnitOfMeasurePrice>
      <AllowDiscount>0</AllowDiscount>
      <itemStatus>1</itemStatus>
      <LastUpdateDate />
      <LastUpdateTime />
    </Product>
    <Product>
      <PriceUpdateDate>2016/02/22 16:02</PriceUpdateDate>
      <ItemCode>7290103407506</ItemCode>
      <ItemType>1</ItemType>
      <ItemName>מקופלת XL חלב כשל"פ 33גר</ItemName>
      <ManufactureName>שטראוס גרופ בעמ</ManufactureName>
      <ManufactureCountry />
      <ManufactureItemDescription />
      <UnitQty>י"ח</UnitQty>
      <Quantity>33</Quantity>
      <UnitMeasure>ל  גרם</UnitMeasure>
      <BisWeighted>0</BisWeighted>
      <QtyInPackage>1</QtyInPackage>
      <ItemPrice>3.90</ItemPrice>
      <UnitOfMeasurePrice>11.82</UnitOfMeasurePrice>
      <AllowDiscount>1</AllowDiscount>
      <itemStatus>1</itemStatus>
      <LastUpdateDate />
      <LastUpdateTime />
    </Product>
    <Product>
      <PriceUpdateDate>2018/06/01 10:28</PriceUpdateDate>
      <ItemCode>7290103702656</ItemCode>
      <ItemType>1</ItemType>
      <ItemName>מגבות לובלי  שישייה כשל"פ</ItemName>
      <ManufactureName>שניב תעשיות נייר בעמ</ManufactureName>
      <ManufactureCountry />
      <ManufactureItemDescription />
      <UnitQty>י"ח</UnitQty>
      <Quantity>6</Quantity>
      <UnitMeasure>י"ח</UnitMeasure>
      <BisWeighted>0</BisWeighted>
      <QtyInPackage>1</QtyInPackage>
      <ItemPrice>11.90</ItemPrice>
      <UnitOfMeasurePrice>1.98</UnitOfMeasurePrice>
      <AllowDiscount>0</AllowDiscount>
      <itemStatus>1</itemStatus>
      <LastUpdateDate />
      <LastUpdateTime />
    </Product>
    <Product>
      <PriceUpdateDate>2018/06/01 10:24</PriceUpdateDate>
      <ItemCode>7290103722005</ItemCode>
      <ItemType>1</ItemType>
      <ItemName>נייר טואלט לוולי 32 גליל לבן</ItemName>
      <ManufactureName>שניב תעשיות נייר בעמ</ManufactureName>
      <ManufactureCountry />
      <ManufactureItemDescription />
      <UnitQty>י"ח</UnitQty>
      <Quantity>588</Quantity>
      <UnitMeasure>מטר</UnitMeasure>
      <BisWeighted>0</BisWeighted>
      <QtyInPackage>1</QtyInPackage>
      <ItemPrice>34.90</ItemPrice>
      <UnitOfMeasurePrice>0.06</UnitOfMeasurePrice>
      <AllowDiscount>1</AllowDiscount>
      <itemStatus>1</itemStatus>
      <LastUpdateDate />
      <LastUpdateTime />
    </Product>
    <Product>
      <PriceUpdateDate>2019/06/03 12:00</PriceUpdateDate>
      <ItemCode>7290104061219</ItemCode>
      <ItemType>1</ItemType>
      <ItemName>רבע לשבע וופל קרם אגוזים 120גר`</ItemName>
      <ManufactureName>שטראוס גרופ בעמ</ManufactureName>
      <ManufactureCountry />
      <ManufactureItemDescription />
      <UnitQty>י"ח</UnitQty>
      <Quantity>120</Quantity>
      <UnitMeasure>ל  גרם</UnitMeasure>
      <BisWeighted>0</BisWeighted>
      <QtyInPackage>1</QtyInPackage>
      <ItemPrice>11.90</ItemPrice>
      <UnitOfMeasurePrice>9.92</UnitOfMeasurePrice>
      <AllowDiscount>1</AllowDiscount>
      <itemStatus>1</itemStatus>
      <LastUpdateDate />
      <LastUpdateTime />
    </Product>
    <Product>
      <PriceUpdateDate>2019/12/08 08:57</PriceUpdateDate>
      <ItemCode>7290104061417</ItemCode>
      <ItemType>1</ItemType>
      <ItemName>חומוס טחינה 400 גר`אחלה</ItemName>
      <ManufactureName>שטראוס גרופ ***בעמ</ManufactureName>
      <ManufactureCountry />
      <ManufactureItemDescription />
      <UnitQty>י"ח</UnitQty>
      <Quantity>400</Quantity>
      <UnitMeasure>ל  גרם</UnitMeasure>
      <BisWeighted>0</BisWeighted>
      <QtyInPackage>1</QtyInPackage>
      <ItemPrice>10.90</ItemPrice>
      <UnitOfMeasurePrice>2.73</UnitOfMeasurePrice>
      <AllowDiscount>0</AllowDiscount>
      <itemStatus>1</itemStatus>
      <LastUpdateDate />
      <LastUpdateTime />
    </Product>
    <Product>
      <PriceUpdateDate>2019/12/08 08:57</PriceUpdateDate>
      <ItemCode>7290104061424</ItemCode>
      <ItemType>1</ItemType>
      <ItemName>חומוס זעתר 400גר`</ItemName>
      <ManufactureName>שטראוס גרופ ***בעמ</ManufactureName>
      <ManufactureCountry />
      <ManufactureItemDescription />
      <UnitQty>י"ח</UnitQty>
      <Quantity>400</Quantity>
      <UnitMeasure>ל  גרם</UnitMeasure>
      <BisWeighted>0</BisWeighted>
      <QtyInPackage>1</QtyInPackage>
      <ItemPrice>10.90</ItemPrice>
      <UnitOfMeasurePrice>2.73</UnitOfMeasurePrice>
      <AllowDiscount>0</AllowDiscount>
      <itemStatus>1</itemStatus>
      <LastUpdateDate />
      <LastUpdateTime />
    </Product>
    <Product>
      <PriceUpdateDate>2019/12/08 08:57</PriceUpdateDate>
      <ItemCode>7290104061431</ItemCode>
      <ItemType>1</ItemType>
      <ItemName>חומוס אחלה צנובר 400גר`</ItemName>
      <ManufactureName>שטראוס גרופ ***בעמ</ManufactureName>
      <ManufactureCountry />
      <ManufactureItemDescription />
      <UnitQty>י"ח</UnitQty>
      <Quantity>400</Quantity>
      <UnitMeasure>ל  גרם</UnitMeasure>
      <BisWeighted>0</BisWeighted>
      <QtyInPackage>1</QtyInPackage>
      <ItemPrice>10.90</ItemPrice>
      <UnitOfMeasurePrice>2.73</UnitOfMeasurePrice>
      <AllowDiscount>0</AllowDiscount>
      <itemStatus>1</itemStatus>
      <LastUpdateDate />
      <LastUpdateTime />
    </Product>
    <Product>
      <PriceUpdateDate>2019/12/08 08:57</PriceUpdateDate>
      <ItemCode>7290104061448</ItemCode>
      <ItemType>1</ItemType>
      <ItemName>חומוס אחלה חריף 400 גר`שטראוס</ItemName>
      <ManufactureName>שטראוס גרופ ***בעמ</ManufactureName>
      <ManufactureCountry />
      <ManufactureItemDescription />
      <UnitQty>י"ח</UnitQty>
      <Quantity>400</Quantity>
      <UnitMeasure>ל  גרם</UnitMeasure>
      <BisWeighted>0</BisWeighted>
      <QtyInPackage>1</QtyInPackage>
      <ItemPrice>10.90</ItemPrice>
      <UnitOfMeasurePrice>2.73</UnitOfMeasurePrice>
      <AllowDiscount>0</AllowDiscount>
      <itemStatus>1</itemStatus>
      <LastUpdateDate />
      <LastUpdateTime />
    </Product>
    <Product>
      <PriceUpdateDate>2015/08/11 19:51</PriceUpdateDate>
      <ItemCode>7290104062599</ItemCode>
      <ItemType>1</ItemType>
      <ItemName>מארז סופר גמדים תות בננה שמינייה</ItemName>
      <ManufactureName>שטראוס גרופ ***בעמ</ManufactureName>
      <ManufactureCountry />
      <ManufactureItemDescription />
      <UnitQty>י"ח</UnitQty>
      <Quantity>800</Quantity>
      <UnitMeasure>ל  גרם</UnitMeasure>
      <BisWeighted>0</BisWeighted>
      <QtyInPackage>1</QtyInPackage>
      <ItemPrice>18.90</ItemPrice>
      <UnitOfMeasurePrice>2.36</UnitOfMeasurePrice>
      <AllowDiscount>0</AllowDiscount>
      <itemStatus>1</itemStatus>
      <LastUpdateDate />
      <LastUpdateTime />
    </Product>
    <Product>
      <PriceUpdateDate>2020/02/19 02:04</PriceUpdateDate>
      <ItemCode>7290104066016</ItemCode>
      <ItemType>1</ItemType>
      <ItemName>מילקי טופ עדשים</ItemName>
      <ManufactureName>שטראוס גרופ ***בעמ</ManufactureName>
      <ManufactureCountry />
      <ManufactureItemDescription />
      <UnitQty>י"ח</UnitQty>
      <Quantity>134</Quantity>
      <UnitMeasure>ל  גרם</UnitMeasure>
      <BisWeighted>0</BisWeighted>
      <QtyInPackage>1</QtyInPackage>
      <ItemPrice>4.80</ItemPrice>
      <UnitOfMeasurePrice>3.58</UnitOfMeasurePrice>
      <AllowDiscount>1</AllowDiscount>
      <itemStatus>1</itemStatus>
      <LastUpdateDate />
      <LastUpdateTime />
    </Product>
    <Product>
      <PriceUpdateDate>2013/12/12 15:27</PriceUpdateDate>
      <ItemCode>7290104066566</ItemCode>
      <ItemType>1</ItemType>
      <ItemName>סלט טחינה שומשום מלא 500גר אחלה</ItemName>
      <ManufactureName>שטראוס גרופ ***בעמ</ManufactureName>
      <ManufactureCountry />
      <ManufactureItemDescription />
      <UnitQty>י"ח</UnitQty>
      <Quantity>500</Quantity>
      <UnitMeasure>ל  גרם</UnitMeasure>
      <BisWeighted>0</BisWeighted>
      <QtyInPackage>1</QtyInPackage>
      <ItemPrice>14</ItemPrice>
      <UnitOfMeasurePrice>2.80</UnitOfMeasurePrice>
      <AllowDiscount>0</AllowDiscount>
      <itemStatus>1</itemStatus>
      <LastUpdateDate />
      <LastUpdateTime />
    </Product>
    <Product>
      <PriceUpdateDate>2015/06/07 15:06</PriceUpdateDate>
      <ItemCode>7290104067518</ItemCode>
      <ItemType>1</ItemType>
      <ItemName>כיף כף לבן מגדים 45 ג`</ItemName>
      <ManufactureName>שטראוס גרופ בעמ</ManufactureName>
      <ManufactureCountry />
      <ManufactureItemDescription />
      <UnitQty>י"ח</UnitQty>
      <Quantity>45</Quantity>
      <UnitMeasure>ל  גרם</UnitMeasure>
      <BisWeighted>0</BisWeighted>
      <QtyInPackage>1</QtyInPackage>
      <ItemPrice>3.90</ItemPrice>
      <UnitOfMeasurePrice>8.67</UnitOfMeasurePrice>
      <AllowDiscount>1</AllowDiscount>
      <itemStatus>1</itemStatus>
      <LastUpdateDate />
      <LastUpdateTime />
    </Product>
    <Product>
      <PriceUpdateDate>2018/07/16 13:39</PriceUpdateDate>
      <ItemCode>7290104068546</ItemCode>
      <ItemType>1</ItemType>
      <ItemName>מסטיק מאסט פליפטופ קולה עם קרח ולימון</ItemName>
      <ManufactureName>שטראוס גרופ בעמ</ManufactureName>
      <ManufactureCountry />
      <ManufactureItemDescription />
      <UnitQty>י"ח</UnitQty>
      <Quantity>28</Quantity>
      <UnitMeasure>ל  גרם</UnitMeasure>
      <BisWeighted>0</BisWeighted>
      <QtyInPackage>1</QtyInPackage>
      <ItemPrice>4.50</ItemPrice>
      <UnitOfMeasurePrice>16.07</UnitOfMeasurePrice>
      <AllowDiscount>0</AllowDiscount>
      <itemStatus>1</itemStatus>
      <LastUpdateDate />
      <LastUpdateTime />
    </Product>
    <Product>
      <PriceUpdateDate>2013/12/03 12:15</PriceUpdateDate>
      <ItemCode>7290104500572</ItemCode>
      <ItemType>1</ItemType>
      <ItemName>אפרופו איטליאנו 50 גרם</ItemName>
      <ManufactureName>קבוצת אוסם סחר-שות.מוגבלת</ManufactureName>
      <ManufactureCountry />
      <ManufactureItemDescription />
      <UnitQty>י"ח</UnitQty>
      <Quantity>50</Quantity>
      <UnitMeasure>ל  גרם</UnitMeasure>
      <BisWeighted>0</BisWeighted>
      <QtyInPackage>1</QtyInPackage>
      <ItemPrice>5</ItemPrice>
      <UnitOfMeasurePrice>10</UnitOfMeasurePrice>
      <AllowDiscount>1</AllowDiscount>
      <itemStatus>1</itemStatus>
      <LastUpdateDate />
      <LastUpdateTime />
    </Product>
    <Product>
      <PriceUpdateDate>2014/01/07 16:57</PriceUpdateDate>
      <ItemCode>7290104501661</ItemCode>
      <ItemType>1</ItemType>
      <ItemName>פודינג בטעם וניל צרפתי</ItemName>
      <ManufactureName>קבוצת אוסם סחר-שות.מוגבלת</ManufactureName>
      <ManufactureCountry />
      <ManufactureItemDescription />
      <UnitQty>י"ח</UnitQty>
      <Quantity>110</Quantity>
      <UnitMeasure>ל  גרם</UnitMeasure>
      <BisWeighted>0</BisWeighted>
      <QtyInPackage>1</QtyInPackage>
      <ItemPrice>5.70</ItemPrice>
      <UnitOfMeasurePrice>5.18</UnitOfMeasurePrice>
      <AllowDiscount>1</AllowDiscount>
      <itemStatus>1</itemStatus>
      <LastUpdateDate />
      <LastUpdateTime />
    </Product>
    <Product>
      <PriceUpdateDate>2018/12/05 13:16</PriceUpdateDate>
      <ItemCode>7290104503184</ItemCode>
      <ItemType>1</ItemType>
      <ItemName>עוגת בראוניס שבת בטעם שוקולד ריבת חלב</ItemName>
      <ManufactureName>קבוצת אוסם סחר-שות.מוגבלת</ManufactureName>
      <ManufactureCountry />
      <ManufactureItemDescription />
      <UnitQty>י"ח</UnitQty>
      <Quantity>380</Quantity>
      <UnitMeasure>ל  גרם</UnitMeasure>
      <BisWeighted>0</BisWeighted>
      <QtyInPackage>1</QtyInPackage>
      <ItemPrice>16.90</ItemPrice>
      <UnitOfMeasurePrice>4.45</UnitOfMeasurePrice>
      <AllowDiscount>0</AllowDiscount>
      <itemStatus>1</itemStatus>
      <LastUpdateDate />
      <LastUpdateTime />
    </Product>
    <Product>
      <PriceUpdateDate>2014/01/07 16:57</PriceUpdateDate>
      <ItemCode>7290104503269</ItemCode>
      <ItemType>1</ItemType>
      <ItemName>פודינג בטעם שוקולד מריר 95גרם</ItemName>
      <ManufactureName>קבוצת אוסם סחר-שות.מוגבלת</ManufactureName>
      <ManufactureCountry />
      <ManufactureItemDescription />
      <UnitQty>י"ח</UnitQty>
      <Quantity>95</Quantity>
      <UnitMeasure>ל  גרם</UnitMeasure>
      <BisWeighted>0</BisWeighted>
      <QtyInPackage>1</QtyInPackage>
      <ItemPrice>5.70</ItemPrice>
      <UnitOfMeasurePrice>6</UnitOfMeasurePrice>
      <AllowDiscount>1</AllowDiscount>
      <itemStatus>1</itemStatus>
      <LastUpdateDate />
      <LastUpdateTime />
    </Product>
    <Product>
      <PriceUpdateDate>2013/06/04 14:51</PriceUpdateDate>
      <ItemCode>7290104508202</ItemCode>
      <ItemType>1</ItemType>
      <ItemName>גביעי גלידה אמריקאים 24.</ItemName>
      <ManufactureName>קבוצת אוסם סחר-שות.מוגבלת</ManufactureName>
      <ManufactureCountry />
      <ManufactureItemDescription />
      <UnitQty>י"ח</UnitQty>
      <Quantity>24</Quantity>
      <UnitMeasure>י"ח</UnitMeasure>
      <BisWeighted>0</BisWeighted>
      <QtyInPackage>1</QtyInPackage>
      <ItemPrice>14.10</ItemPrice>
      <UnitOfMeasurePrice>0.59</UnitOfMeasurePrice>
      <AllowDiscount>0</AllowDiscount>
      <itemStatus>1</itemStatus>
      <LastUpdateDate />
      <LastUpdateTime />
    </Product>
    <Product>
      <PriceUpdateDate>2020/03/11 11:12</PriceUpdateDate>
      <ItemCode>7290104570162</ItemCode>
      <ItemType>1</ItemType>
      <ItemName>תמרים כבושים  500גר</ItemName>
      <ManufactureName>בני ג ורג שוקחה בעמ</ManufactureName>
      <ManufactureCountry />
      <ManufactureItemDescription />
      <UnitQty>י"ח</UnitQty>
      <Quantity>500</Quantity>
      <UnitMeasure>ל  גרם</UnitMeasure>
      <BisWeighted>0</BisWeighted>
      <QtyInPackage>1</QtyInPackage>
      <ItemPrice>13.90</ItemPrice>
      <UnitOfMeasurePrice>2.78</UnitOfMeasurePrice>
      <AllowDiscount>0</AllowDiscount>
      <itemStatus>1</itemStatus>
      <LastUpdateDate />
      <LastUpdateTime />
    </Product>
    <Product>
      <PriceUpdateDate>2018/01/03 09:06</PriceUpdateDate>
      <ItemCode>7290104570513</ItemCode>
      <ItemType>1</ItemType>
      <ItemName>תמר מג`הול  מובחר 1 ק"ג</ItemName>
      <ManufactureName>דין שיווק וקליהבעמ</ManufactureName>
      <ManufactureCountry />
      <ManufactureItemDescription />
      <UnitQty>י"ח</UnitQty>
      <Quantity>1</Quantity>
      <UnitMeasure />
      <BisWeighted>0</BisWeighted>
      <QtyInPackage>1</QtyInPackage>
      <ItemPrice>22.90</ItemPrice>
      <UnitOfMeasurePrice>22.90</UnitOfMeasurePrice>
      <AllowDiscount>0</AllowDiscount>
      <itemStatus>1</itemStatus>
      <LastUpdateDate />
      <LastUpdateTime />
    </Product>
    <Product>
      <PriceUpdateDate>2014/07/30 13:02</PriceUpdateDate>
      <ItemCode>7290104720499</ItemCode>
      <ItemType>1</ItemType>
      <ItemName>מארז 8 דני וניל  1ק"ג כשל"פ רובין</ItemName>
      <ManufactureName>שטראוס גרופ ***בעמ</ManufactureName>
      <ManufactureCountry />
      <ManufactureItemDescription />
      <UnitQty>י"ח</UnitQty>
      <Quantity>1</Quantity>
      <UnitMeasure>ק"ג</UnitMeasure>
      <BisWeighted>0</BisWeighted>
      <QtyInPackage>1</QtyInPackage>
      <ItemPrice>16.90</ItemPrice>
      <UnitOfMeasurePrice>16.90</UnitOfMeasurePrice>
      <AllowDiscount>0</AllowDiscount>
      <itemStatus>1</itemStatus>
      <LastUpdateDate />
      <LastUpdateTime />
    </Product>
    <Product>
      <PriceUpdateDate>2018/12/30 10:44</PriceUpdateDate>
      <ItemCode>7290104721533</ItemCode>
      <ItemType>1</ItemType>
      <ItemName>רצועות אחלה פלפלים קלויים  400גר</ItemName>
      <ManufactureName>שטראוס גרופ ***בעמ</ManufactureName>
      <ManufactureCountry />
      <ManufactureItemDescription />
      <UnitQty>י"ח</UnitQty>
      <Quantity>400</Quantity>
      <UnitMeasure>ל  גרם</UnitMeasure>
      <BisWeighted>0</BisWeighted>
      <QtyInPackage>1</QtyInPackage>
      <ItemPrice>15.50</ItemPrice>
      <UnitOfMeasurePrice>3.88</UnitOfMeasurePrice>
      <AllowDiscount>0</AllowDiscount>
      <itemStatus>1</itemStatus>
      <LastUpdateDate />
      <LastUpdateTime />
    </Product>
    <Product>
      <PriceUpdateDate>2019/04/16 16:58</PriceUpdateDate>
      <ItemCode>7290104724718</ItemCode>
      <ItemType>1</ItemType>
      <ItemName>שוקולד פרה חלב במילוי קרם נוגט 100גר`</ItemName>
      <ManufactureName>שטראוס גרופ בעמ</ManufactureName>
      <ManufactureCountry />
      <ManufactureItemDescription />
      <UnitQty>י"ח</UnitQty>
      <Quantity>100</Quantity>
      <UnitMeasure>ל  גרם</UnitMeasure>
      <BisWeighted>0</BisWeighted>
      <QtyInPackage>1</QtyInPackage>
      <ItemPrice>5.90</ItemPrice>
      <UnitOfMeasurePrice>5.90</UnitOfMeasurePrice>
      <AllowDiscount>1</AllowDiscount>
      <itemStatus>1</itemStatus>
      <LastUpdateDate />
      <LastUpdateTime />
    </Product>
    <Product>
      <PriceUpdateDate>2018/01/01 08:52</PriceUpdateDate>
      <ItemCode>7290104726262</ItemCode>
      <ItemType>1</ItemType>
      <ItemName>מארז 4 דני תות 500גר</ItemName>
      <ManufactureName>שטראוס גרופ ***בעמ</ManufactureName>
      <ManufactureCountry />
      <ManufactureItemDescription />
      <UnitQty>י"ח</UnitQty>
      <Quantity>500</Quantity>
      <UnitMeasure>ל  גרם</UnitMeasure>
      <BisWeighted>0</BisWeighted>
      <QtyInPackage>1</QtyInPackage>
      <ItemPrice>11</ItemPrice>
      <UnitOfMeasurePrice>2.20</UnitOfMeasurePrice>
      <AllowDiscount>0</AllowDiscount>
      <itemStatus>1</itemStatus>
      <LastUpdateDate />
      <LastUpdateTime />
    </Product>
    <Product>
      <PriceUpdateDate>2015/05/07 15:06</PriceUpdateDate>
      <ItemCode>7290104726712</ItemCode>
      <ItemType>1</ItemType>
      <ItemName>מארז מילקי שמינייה רובין כשל"פ 1064גר</ItemName>
      <ManufactureName>שטראוס גרופ ***בעמ</ManufactureName>
      <ManufactureCountry />
      <ManufactureItemDescription />
      <UnitQty>י"ח</UnitQty>
      <Quantity>868</Quantity>
      <UnitMeasure>ל  מ"ל</UnitMeasure>
      <BisWeighted>0</BisWeighted>
      <QtyInPackage>1</QtyInPackage>
      <ItemPrice>20.90</ItemPrice>
      <UnitOfMeasurePrice>2.41</UnitOfMeasurePrice>
      <AllowDiscount>0</AllowDiscount>
      <itemStatus>1</itemStatus>
      <LastUpdateDate />
      <LastUpdateTime />
    </Product>
    <Product>
      <PriceUpdateDate>2018/12/09 14:44</PriceUpdateDate>
      <ItemCode>7290104727726</ItemCode>
      <ItemType>1</ItemType>
      <ItemName>מאגדת חמישייה מריר 100גר`</ItemName>
      <ManufactureName>שטראוס גרופ בעמ</ManufactureName>
      <ManufactureCountry />
      <ManufactureItemDescription />
      <UnitQty>י"ח</UnitQty>
      <Quantity>5</Quantity>
      <UnitMeasure>י"ח</UnitMeasure>
      <BisWeighted>0</BisWeighted>
      <QtyInPackage>1</QtyInPackage>
      <ItemPrice>21.90</ItemPrice>
      <UnitOfMeasurePrice>4.38</UnitOfMeasurePrice>
      <AllowDiscount>1</AllowDiscount>
      <itemStatus>1</itemStatus>
      <LastUpdateDate />
      <LastUpdateTime />
    </Product>
    <Product>
      <PriceUpdateDate>2018/12/09 14:44</PriceUpdateDate>
      <ItemCode>7290104729492</ItemCode>
      <ItemType>1</ItemType>
      <ItemName>מאגדת חמישיית שוקולד חלב</ItemName>
      <ManufactureName>שטראוס גרופ בעמ</ManufactureName>
      <ManufactureCountry />
      <ManufactureItemDescription />
      <UnitQty>י"ח</UnitQty>
      <Quantity>500</Quantity>
      <UnitMeasure>ל  גרם</UnitMeasure>
      <BisWeighted>0</BisWeighted>
      <QtyInPackage>1</QtyInPackage>
      <ItemPrice>21.90</ItemPrice>
      <UnitOfMeasurePrice>4.38</UnitOfMeasurePrice>
      <AllowDiscount>0</AllowDiscount>
      <itemStatus>1</itemStatus>
      <LastUpdateDate />
      <LastUpdateTime />
    </Product>
    <Product>
      <PriceUpdateDate>2014/12/19 10:57</PriceUpdateDate>
      <ItemCode>7290104851292</ItemCode>
      <ItemType>1</ItemType>
      <ItemName>צלחת  בינוני צבעוני 25יח</ItemName>
      <ManufactureName>פאלאס תעשיות נטו (2014) בעמ</ManufactureName>
      <ManufactureCountry />
      <ManufactureItemDescription />
      <UnitQty>י"ח</UnitQty>
      <Quantity>25</Quantity>
      <UnitMeasure>י"ח</UnitMeasure>
      <BisWeighted>0</BisWeighted>
      <QtyInPackage>1</QtyInPackage>
      <ItemPrice>4.90</ItemPrice>
      <UnitOfMeasurePrice>0.20</UnitOfMeasurePrice>
      <AllowDiscount>1</AllowDiscount>
      <itemStatus>1</itemStatus>
      <LastUpdateDate />
      <LastUpdateTime />
    </Product>
    <Product>
      <PriceUpdateDate>2016/10/05 10:21</PriceUpdateDate>
      <ItemCode>7290104852176</ItemCode>
      <ItemType>1</ItemType>
      <ItemName>נר נשמה 24 שע פחית</ItemName>
      <ManufactureName>פאלאס תעשיות נטו (2014) בעמ</ManufactureName>
      <ManufactureCountry />
      <ManufactureItemDescription />
      <UnitQty>י"ח</UnitQty>
      <Quantity>100</Quantity>
      <UnitMeasure>ל  גרם</UnitMeasure>
      <BisWeighted>0</BisWeighted>
      <QtyInPackage>1</QtyInPackage>
      <ItemPrice>1.90</ItemPrice>
      <UnitOfMeasurePrice>1.90</UnitOfMeasurePrice>
      <AllowDiscount>1</AllowDiscount>
      <itemStatus>1</itemStatus>
      <LastUpdateDate />
      <LastUpdateTime />
    </Product>
    <Product>
      <PriceUpdateDate>2019/12/04 14:54</PriceUpdateDate>
      <ItemCode>7290104960239</ItemCode>
      <ItemType>1</ItemType>
      <ItemName>תחליב רחצה נקה7 לבן 750 מ"ל</ItemName>
      <ManufactureName>החב הדרומית לשיווק</ManufactureName>
      <ManufactureCountry />
      <ManufactureItemDescription />
      <UnitQty>י"ח</UnitQty>
      <Quantity>750</Quantity>
      <UnitMeasure>ל  מ"ל</UnitMeasure>
      <BisWeighted>0</BisWeighted>
      <QtyInPackage>1</QtyInPackage>
      <ItemPrice>9.90</ItemPrice>
      <UnitOfMeasurePrice>1.32</UnitOfMeasurePrice>
      <AllowDiscount>1</AllowDiscount>
      <itemStatus>1</itemStatus>
      <LastUpdateDate />
      <LastUpdateTime />
    </Product>
    <Product>
      <PriceUpdateDate>2019/12/04 14:54</PriceUpdateDate>
      <ItemCode>7290104960253</ItemCode>
      <ItemType>1</ItemType>
      <ItemName>תחליב רחצה  ארומה לבנדר 750מ"ל</ItemName>
      <ManufactureName>החב הדרומית לשיווק</ManufactureName>
      <ManufactureCountry />
      <ManufactureItemDescription />
      <UnitQty>י"ח</UnitQty>
      <Quantity>750</Quantity>
      <UnitMeasure>ל  מ"ל</UnitMeasure>
      <BisWeighted>0</BisWeighted>
      <QtyInPackage>1</QtyInPackage>
      <ItemPrice>9.90</ItemPrice>
      <UnitOfMeasurePrice>1.32</UnitOfMeasurePrice>
      <AllowDiscount>1</AllowDiscount>
      <itemStatus>1</itemStatus>
      <LastUpdateDate />
      <LastUpdateTime />
    </Product>
    <Product>
      <PriceUpdateDate>2019/12/04 14:54</PriceUpdateDate>
      <ItemCode>7290104961205</ItemCode>
      <ItemType>1</ItemType>
      <ItemName>תחליב רחצה מלפפון קיווי  750מ"ל</ItemName>
      <ManufactureName>החב הדרומית לשיווק</ManufactureName>
      <ManufactureCountry />
      <ManufactureItemDescription />
      <UnitQty>י"ח</UnitQty>
      <Quantity>750</Quantity>
      <UnitMeasure>ל  מ"ל</UnitMeasure>
      <BisWeighted>0</BisWeighted>
      <QtyInPackage>1</QtyInPackage>
      <ItemPrice>9.90</ItemPrice>
      <UnitOfMeasurePrice>1.32</UnitOfMeasurePrice>
      <AllowDiscount>1</AllowDiscount>
      <itemStatus>1</itemStatus>
      <LastUpdateDate />
      <LastUpdateTime />
    </Product>
    <Product>
      <PriceUpdateDate>2019/12/04 14:54</PriceUpdateDate>
      <ItemCode>7290104961243</ItemCode>
      <ItemType>1</ItemType>
      <ItemName>תחליב רחצה  קוקוס 750 יסמין מ"ל</ItemName>
      <ManufactureName>החב הדרומית לשיווק</ManufactureName>
      <ManufactureCountry />
      <ManufactureItemDescription />
      <UnitQty>י"ח</UnitQty>
      <Quantity>750</Quantity>
      <UnitMeasure>ל  מ"ל</UnitMeasure>
      <BisWeighted>0</BisWeighted>
      <QtyInPackage>1</QtyInPackage>
      <ItemPrice>9.90</ItemPrice>
      <UnitOfMeasurePrice>1.32</UnitOfMeasurePrice>
      <AllowDiscount>1</AllowDiscount>
      <itemStatus>1</itemStatus>
      <LastUpdateDate />
      <LastUpdateTime />
    </Product>
    <Product>
      <PriceUpdateDate>2016/05/29 17:45</PriceUpdateDate>
      <ItemCode>7290104961878</ItemCode>
      <ItemType>1</ItemType>
      <ItemName>שמפו קרטין אינטנס</ItemName>
      <ManufactureName>החב הדרומית לשיווק</ManufactureName>
      <ManufactureCountry />
      <ManufactureItemDescription />
      <UnitQty>י"ח</UnitQty>
      <Quantity>700</Quantity>
      <UnitMeasure>ל  מ"ל</UnitMeasure>
      <BisWeighted>0</BisWeighted>
      <QtyInPackage>1</QtyInPackage>
      <ItemPrice>29.90</ItemPrice>
      <UnitOfMeasurePrice>4.27</UnitOfMeasurePrice>
      <AllowDiscount>0</AllowDiscount>
      <itemStatus>1</itemStatus>
      <LastUpdateDate />
      <LastUpdateTime />
    </Product>
    <Product>
      <PriceUpdateDate>2019/12/04 14:54</PriceUpdateDate>
      <ItemCode>7290104961892</ItemCode>
      <ItemType>1</ItemType>
      <ItemName>קרטין אינטנס מסיכה לשיער</ItemName>
      <ManufactureName>החב הדרומית לשיווק</ManufactureName>
      <ManufactureCountry />
      <ManufactureItemDescription />
      <UnitQty>י"ח</UnitQty>
      <Quantity>700</Quantity>
      <UnitMeasure>ל  מ"ל</UnitMeasure>
      <BisWeighted>0</BisWeighted>
      <QtyInPackage>1</QtyInPackage>
      <ItemPrice>39.90</ItemPrice>
      <UnitOfMeasurePrice>5.70</UnitOfMeasurePrice>
      <AllowDiscount>0</AllowDiscount>
      <itemStatus>1</itemStatus>
      <LastUpdateDate />
      <LastUpdateTime />
    </Product>
    <Product>
      <PriceUpdateDate>2016/06/24 09:51</PriceUpdateDate>
      <ItemCode>7290104961991</ItemCode>
      <ItemType>1</ItemType>
      <ItemName>נקה שלישייה שחור חמאת שיאה</ItemName>
      <ManufactureName>החב הדרומית לשיווק</ManufactureName>
      <ManufactureCountry />
      <ManufactureItemDescription />
      <UnitQty>י"ח</UnitQty>
      <Quantity>1</Quantity>
      <UnitMeasure>ליטר</UnitMeasure>
      <BisWeighted>0</BisWeighted>
      <QtyInPackage>1</QtyInPackage>
      <ItemPrice>21.90</ItemPrice>
      <UnitOfMeasurePrice>21.90</UnitOfMeasurePrice>
      <AllowDiscount>0</AllowDiscount>
      <itemStatus>1</itemStatus>
      <LastUpdateDate />
      <LastUpdateTime />
    </Product>
    <Product>
      <PriceUpdateDate>2019/03/17 15:00</PriceUpdateDate>
      <ItemCode>7290104962752</ItemCode>
      <ItemType>1</ItemType>
      <ItemName>גל הגנה לפנים איזבל</ItemName>
      <ManufactureName>החב הדרומית לשיווק</ManufactureName>
      <ManufactureCountry />
      <ManufactureItemDescription />
      <UnitQty>י"ח</UnitQty>
      <Quantity>100</Quantity>
      <UnitMeasure>ל  מ"ל</UnitMeasure>
      <BisWeighted>0</BisWeighted>
      <QtyInPackage>1</QtyInPackage>
      <ItemPrice>39.90</ItemPrice>
      <UnitOfMeasurePrice>39.90</UnitOfMeasurePrice>
      <AllowDiscount>0</AllowDiscount>
      <itemStatus>1</itemStatus>
      <LastUpdateDate />
      <LastUpdateTime />
    </Product>
    <Product>
      <PriceUpdateDate>2015/06/22 13:27</PriceUpdateDate>
      <ItemCode>7290104962844</ItemCode>
      <ItemType>1</ItemType>
      <ItemName>שמפו לשיער אמפולה אינטנס פורמולה נטורל</ItemName>
      <ManufactureName>החב הדרומית לשיווק</ManufactureName>
      <ManufactureCountry />
      <ManufactureItemDescription />
      <UnitQty>י"ח</UnitQty>
      <Quantity>700</Quantity>
      <UnitMeasure>ל  מ"ל</UnitMeasure>
      <BisWeighted>0</BisWeighted>
      <QtyInPackage>1</QtyInPackage>
      <ItemPrice>29.90</ItemPrice>
      <UnitOfMeasurePrice>4.27</UnitOfMeasurePrice>
      <AllowDiscount>0</AllowDiscount>
      <itemStatus>1</itemStatus>
      <LastUpdateDate />
      <LastUpdateTime />
    </Product>
    <Product>
      <PriceUpdateDate>2019/12/09 14:32</PriceUpdateDate>
      <ItemCode>7290104963001</ItemCode>
      <ItemType>1</ItemType>
      <ItemName>מגבונים סופטקר בניחוח עדין רביעייה</ItemName>
      <ManufactureName>החב הדרומית לשיווק</ManufactureName>
      <ManufactureCountry />
      <ManufactureItemDescription />
      <UnitQty>י"ח</UnitQty>
      <Quantity>4</Quantity>
      <UnitMeasure>י"ח</UnitMeasure>
      <BisWeighted>0</BisWeighted>
      <QtyInPackage>1</QtyInPackage>
      <ItemPrice>17.90</ItemPrice>
      <UnitOfMeasurePrice>4.48</UnitOfMeasurePrice>
      <AllowDiscount>1</AllowDiscount>
      <itemStatus>1</itemStatus>
      <LastUpdateDate />
      <LastUpdateTime />
    </Product>
    <Product>
      <PriceUpdateDate>2016/06/26 09:43</PriceUpdateDate>
      <ItemCode>7290104963650</ItemCode>
      <ItemType>1</ItemType>
      <ItemName>שמפו אלדמע  1ל   סופטקר</ItemName>
      <ManufactureName>החב הדרומית לשיווק</ManufactureName>
      <ManufactureCountry />
      <ManufactureItemDescription />
      <UnitQty>י"ח</UnitQty>
      <Quantity>1</Quantity>
      <UnitMeasure>ליטר</UnitMeasure>
      <BisWeighted>0</BisWeighted>
      <QtyInPackage>1</QtyInPackage>
      <ItemPrice>19.90</ItemPrice>
      <UnitOfMeasurePrice>19.90</UnitOfMeasurePrice>
      <AllowDiscount>0</AllowDiscount>
      <itemStatus>1</itemStatus>
      <LastUpdateDate />
      <LastUpdateTime />
    </Product>
    <Product>
      <PriceUpdateDate>2020/04/30 16:00</PriceUpdateDate>
      <ItemCode>7290105259271</ItemCode>
      <ItemType>1</ItemType>
      <ItemName>כוס אימון עם ידיות ירוק Twigy</ItemName>
      <ManufactureName>כוכב נולד פלוס נתיבות בעמ</ManufactureName>
      <ManufactureCountry />
      <ManufactureItemDescription />
      <UnitQty>י"ח</UnitQty>
      <Quantity>1</Quantity>
      <UnitMeasure />
      <BisWeighted>0</BisWeighted>
      <QtyInPackage>1</QtyInPackage>
      <ItemPrice>19.90</ItemPrice>
      <UnitOfMeasurePrice>19.90</UnitOfMeasurePrice>
      <AllowDiscount>0</AllowDiscount>
      <itemStatus>1</itemStatus>
      <LastUpdateDate />
      <LastUpdateTime />
    </Product>
    <Product>
      <PriceUpdateDate>2020/04/30 16:00</PriceUpdateDate>
      <ItemCode>7290105259288</ItemCode>
      <ItemType>1</ItemType>
      <ItemName>כוס אימון כחול Twigy</ItemName>
      <ManufactureName>כוכב נולד פלוס נתיבות בעמ</ManufactureName>
      <ManufactureCountry />
      <ManufactureItemDescription />
      <UnitQty>י"ח</UnitQty>
      <Quantity>1</Quantity>
      <UnitMeasure />
      <BisWeighted>0</BisWeighted>
      <QtyInPackage>1</QtyInPackage>
      <ItemPrice>19.90</ItemPrice>
      <UnitOfMeasurePrice>19.90</UnitOfMeasurePrice>
      <AllowDiscount>0</AllowDiscount>
      <itemStatus>1</itemStatus>
      <LastUpdateDate />
      <LastUpdateTime />
    </Product>
    <Product>
      <PriceUpdateDate>2020/04/30 16:00</PriceUpdateDate>
      <ItemCode>7290105259325</ItemCode>
      <ItemType>1</ItemType>
      <ItemName>כוס שתיה עם פיה וקשית ירוק Twigy</ItemName>
      <ManufactureName>כוכב נולד פלוס נתיבות בעמ</ManufactureName>
      <ManufactureCountry />
      <ManufactureItemDescription />
      <UnitQty>י"ח</UnitQty>
      <Quantity>1</Quantity>
      <UnitMeasure />
      <BisWeighted>0</BisWeighted>
      <QtyInPackage>1</QtyInPackage>
      <ItemPrice>19.90</ItemPrice>
      <UnitOfMeasurePrice>19.90</UnitOfMeasurePrice>
      <AllowDiscount>0</AllowDiscount>
      <itemStatus>1</itemStatus>
      <LastUpdateDate />
      <LastUpdateTime />
    </Product>
    <Product>
      <PriceUpdateDate>2020/04/30 16:00</PriceUpdateDate>
      <ItemCode>7290105259332</ItemCode>
      <ItemType>1</ItemType>
      <ItemName>כוס שתיה ספורט עם פיה ירוק Twigy</ItemName>
      <ManufactureName>כוכב נולד פלוס נתיבות בעמ</ManufactureName>
      <ManufactureCountry />
      <ManufactureItemDescription />
      <UnitQty>י"ח</UnitQty>
      <Quantity>1</Quantity>
      <UnitMeasure />
      <BisWeighted>0</BisWeighted>
      <QtyInPackage>1</QtyInPackage>
      <ItemPrice>19.90</ItemPrice>
      <UnitOfMeasurePrice>19.90</UnitOfMeasurePrice>
      <AllowDiscount>0</AllowDiscount>
      <itemStatus>1</itemStatus>
      <LastUpdateDate />
      <LastUpdateTime />
    </Product>
    <Product>
      <PriceUpdateDate>2020/04/30 16:00</PriceUpdateDate>
      <ItemCode>7290105259394</ItemCode>
      <ItemType>1</ItemType>
      <ItemName>כוס אימון ורוד Twigy</ItemName>
      <ManufactureName>כוכב נולד פלוס נתיבות בעמ</ManufactureName>
      <ManufactureCountry />
      <ManufactureItemDescription />
      <UnitQty>י"ח</UnitQty>
      <Quantity>1</Quantity>
      <UnitMeasure />
      <BisWeighted>0</BisWeighted>
      <QtyInPackage>1</QtyInPackage>
      <ItemPrice>19.90</ItemPrice>
      <UnitOfMeasurePrice>19.90</UnitOfMeasurePrice>
      <AllowDiscount>0</AllowDiscount>
      <itemStatus>1</itemStatus>
      <LastUpdateDate />
      <LastUpdateTime />
    </Product>
    <Product>
      <PriceUpdateDate>2020/04/30 16:00</PriceUpdateDate>
      <ItemCode>7290105259400</ItemCode>
      <ItemType>1</ItemType>
      <ItemName>כוס שתיה עם פיה וקשית אדום Twigy</ItemName>
      <ManufactureName>כוכב נולד פלוס נתיבות בעמ</ManufactureName>
      <ManufactureCountry />
      <ManufactureItemDescription />
      <UnitQty>י"ח</UnitQty>
      <Quantity>1</Quantity>
      <UnitMeasure />
      <BisWeighted>0</BisWeighted>
      <QtyInPackage>1</QtyInPackage>
      <ItemPrice>19.90</ItemPrice>
      <UnitOfMeasurePrice>19.90</UnitOfMeasurePrice>
      <AllowDiscount>0</AllowDiscount>
      <itemStatus>1</itemStatus>
      <LastUpdateDate />
      <LastUpdateTime />
    </Product>
    <Product>
      <PriceUpdateDate>2020/04/30 16:00</PriceUpdateDate>
      <ItemCode>7290105259417</ItemCode>
      <ItemType>1</ItemType>
      <ItemName>כוס שתיה עם פיה וקשית כחול Twigy</ItemName>
      <ManufactureName>כוכב נולד פלוס נתיבות בעמ</ManufactureName>
      <ManufactureCountry />
      <ManufactureItemDescription />
      <UnitQty>י"ח</UnitQty>
      <Quantity>1</Quantity>
      <UnitMeasure />
      <BisWeighted>0</BisWeighted>
      <QtyInPackage>1</QtyInPackage>
      <ItemPrice>19.90</ItemPrice>
      <UnitOfMeasurePrice>19.90</UnitOfMeasurePrice>
      <AllowDiscount>0</AllowDiscount>
      <itemStatus>1</itemStatus>
      <LastUpdateDate />
      <LastUpdateTime />
    </Product>
    <Product>
      <PriceUpdateDate>2020/04/30 16:00</PriceUpdateDate>
      <ItemCode>7290105259462</ItemCode>
      <ItemType>1</ItemType>
      <ItemName>כוס אימון עם ידיות כחול Twigy</ItemName>
      <ManufactureName>כוכב נולד פלוס נתיבות בעמ</ManufactureName>
      <ManufactureCountry />
      <ManufactureItemDescription />
      <UnitQty>י"ח</UnitQty>
      <Quantity>1</Quantity>
      <UnitMeasure />
      <BisWeighted>0</BisWeighted>
      <QtyInPackage>1</QtyInPackage>
      <ItemPrice>19.90</ItemPrice>
      <UnitOfMeasurePrice>19.90</UnitOfMeasurePrice>
      <AllowDiscount>0</AllowDiscount>
      <itemStatus>1</itemStatus>
      <LastUpdateDate />
      <LastUpdateTime />
    </Product>
    <Product>
      <PriceUpdateDate>2020/04/30 16:00</PriceUpdateDate>
      <ItemCode>7290105259479</ItemCode>
      <ItemType>1</ItemType>
      <ItemName>כוס אימון עם ידיות ורוד Twigy</ItemName>
      <ManufactureName>כוכב נולד פלוס נתיבות בעמ</ManufactureName>
      <ManufactureCountry />
      <ManufactureItemDescription />
      <UnitQty>י"ח</UnitQty>
      <Quantity>1</Quantity>
      <UnitMeasure />
      <BisWeighted>0</BisWeighted>
      <QtyInPackage>1</QtyInPackage>
      <ItemPrice>19.90</ItemPrice>
      <UnitOfMeasurePrice>19.90</UnitOfMeasurePrice>
      <AllowDiscount>0</AllowDiscount>
      <itemStatus>1</itemStatus>
      <LastUpdateDate />
      <LastUpdateTime />
    </Product>
    <Product>
      <PriceUpdateDate>2020/04/30 16:00</PriceUpdateDate>
      <ItemCode>7290105259486</ItemCode>
      <ItemType>1</ItemType>
      <ItemName>כוס שתיה ספורט עם פיה כחול Twigy</ItemName>
      <ManufactureName>כוכב נולד פלוס נתיבות בעמ</ManufactureName>
      <ManufactureCountry />
      <ManufactureItemDescription />
      <UnitQty>י"ח</UnitQty>
      <Quantity>1</Quantity>
      <UnitMeasure />
      <BisWeighted>0</BisWeighted>
      <QtyInPackage>1</QtyInPackage>
      <ItemPrice>19.90</ItemPrice>
      <UnitOfMeasurePrice>19.90</UnitOfMeasurePrice>
      <AllowDiscount>0</AllowDiscount>
      <itemStatus>1</itemStatus>
      <LastUpdateDate />
      <LastUpdateTime />
    </Product>
    <Product>
      <PriceUpdateDate>2020/04/30 16:00</PriceUpdateDate>
      <ItemCode>7290105259493</ItemCode>
      <ItemType>1</ItemType>
      <ItemName>כוס שתיה ספורט עם פיה אדום Twigy</ItemName>
      <ManufactureName>כוכב נולד פלוס נתיבות בעמ</ManufactureName>
      <ManufactureCountry />
      <ManufactureItemDescription />
      <UnitQty>י"ח</UnitQty>
      <Quantity>1</Quantity>
      <UnitMeasure />
      <BisWeighted>0</BisWeighted>
      <QtyInPackage>1</QtyInPackage>
      <ItemPrice>19.90</ItemPrice>
      <UnitOfMeasurePrice>19.90</UnitOfMeasurePrice>
      <AllowDiscount>0</AllowDiscount>
      <itemStatus>1</itemStatus>
      <LastUpdateDate />
      <LastUpdateTime />
    </Product>
    <Product>
      <PriceUpdateDate>2019/12/09 14:25</PriceUpdateDate>
      <ItemCode>7290105360755</ItemCode>
      <ItemType>1</ItemType>
      <ItemName>שמן זית יד מרדכי 3 חזק 750 מ"ל</ItemName>
      <ManufactureName>שטראוס גרופ בעמ</ManufactureName>
      <ManufactureCountry />
      <ManufactureItemDescription />
      <UnitQty>י"ח</UnitQty>
      <Quantity>750</Quantity>
      <UnitMeasure>ל  מ"ל</UnitMeasure>
      <BisWeighted>0</BisWeighted>
      <QtyInPackage>1</QtyInPackage>
      <ItemPrice>33.90</ItemPrice>
      <UnitOfMeasurePrice>4.52</UnitOfMeasurePrice>
      <AllowDiscount>1</AllowDiscount>
      <itemStatus>1</itemStatus>
      <LastUpdateDate />
      <LastUpdateTime />
    </Product>
    <Product>
      <PriceUpdateDate>2019/12/09 14:25</PriceUpdateDate>
      <ItemCode>7290105360762</ItemCode>
      <ItemType>1</ItemType>
      <ItemName>שמן זית עדין 750 מ"ל</ItemName>
      <ManufactureName>שטראוס גרופ בעמ</ManufactureName>
      <ManufactureCountry />
      <ManufactureItemDescription />
      <UnitQty>י"ח</UnitQty>
      <Quantity>750</Quantity>
      <UnitMeasure>ל  מ"ל</UnitMeasure>
      <BisWeighted>0</BisWeighted>
      <QtyInPackage>1</QtyInPackage>
      <ItemPrice>33.90</ItemPrice>
      <UnitOfMeasurePrice>4.52</UnitOfMeasurePrice>
      <AllowDiscount>1</AllowDiscount>
      <itemStatus>1</itemStatus>
      <LastUpdateDate />
      <LastUpdateTime />
    </Product>
    <Product>
      <PriceUpdateDate>2016/06/02 17:52</PriceUpdateDate>
      <ItemCode>7290105362339</ItemCode>
      <ItemType>1</ItemType>
      <ItemName>שמנת עמידה לקצפת 15% שומן מהדרין</ItemName>
      <ManufactureName>שטראוס גרופ ***בעמ</ManufactureName>
      <ManufactureCountry />
      <ManufactureItemDescription />
      <UnitQty>י"ח</UnitQty>
      <Quantity>250</Quantity>
      <UnitMeasure>ל  מ"ל</UnitMeasure>
      <BisWeighted>0</BisWeighted>
      <QtyInPackage>1</QtyInPackage>
      <ItemPrice>7.90</ItemPrice>
      <UnitOfMeasurePrice>3.16</UnitOfMeasurePrice>
      <AllowDiscount>0</AllowDiscount>
      <itemStatus>1</itemStatus>
      <LastUpdateDate />
      <LastUpdateTime />
    </Product>
    <Product>
      <PriceUpdateDate>2015/06/07 15:06</PriceUpdateDate>
      <ItemCode>7290105362377</ItemCode>
      <ItemType>1</ItemType>
      <ItemName>כיף כף מגדים 45גרם</ItemName>
      <ManufactureName>שטראוס גרופ בעמ</ManufactureName>
      <ManufactureCountry />
      <ManufactureItemDescription />
      <UnitQty>י"ח</UnitQty>
      <Quantity>45</Quantity>
      <UnitMeasure>ל  גרם</UnitMeasure>
      <BisWeighted>0</BisWeighted>
      <QtyInPackage>1</QtyInPackage>
      <ItemPrice>3.90</ItemPrice>
      <UnitOfMeasurePrice>8.67</UnitOfMeasurePrice>
      <AllowDiscount>1</AllowDiscount>
      <itemStatus>1</itemStatus>
      <LastUpdateDate />
      <LastUpdateTime />
    </Product>
    <Product>
      <PriceUpdateDate>2016/03/06 18:08</PriceUpdateDate>
      <ItemCode>7290105363572</ItemCode>
      <ItemType>1</ItemType>
      <ItemName>שוקולד פרה ביסקוויט 100 גרם מגדים</ItemName>
      <ManufactureName>שטראוס גרופ בעמ</ManufactureName>
      <ManufactureCountry />
      <ManufactureItemDescription />
      <UnitQty>י"ח</UnitQty>
      <Quantity>100</Quantity>
      <UnitMeasure>ל  גרם</UnitMeasure>
      <BisWeighted>0</BisWeighted>
      <QtyInPackage>1</QtyInPackage>
      <ItemPrice>5.90</ItemPrice>
      <UnitOfMeasurePrice>5.90</UnitOfMeasurePrice>
      <AllowDiscount>0</AllowDiscount>
      <itemStatus>1</itemStatus>
      <LastUpdateDate />
      <LastUpdateTime />
    </Product>
    <Product>
      <PriceUpdateDate>2015/06/07 14:43</PriceUpdateDate>
      <ItemCode>7290105363602</ItemCode>
      <ItemType>1</ItemType>
      <ItemName>כיף כף מקלות קלאסי 40גר</ItemName>
      <ManufactureName>שטראוס גרופ בעמ</ManufactureName>
      <ManufactureCountry />
      <ManufactureItemDescription />
      <UnitQty>י"ח</UnitQty>
      <Quantity>40</Quantity>
      <UnitMeasure>ל  גרם</UnitMeasure>
      <BisWeighted>0</BisWeighted>
      <QtyInPackage>1</QtyInPackage>
      <ItemPrice>5</ItemPrice>
      <UnitOfMeasurePrice>12.50</UnitOfMeasurePrice>
      <AllowDiscount>0</AllowDiscount>
      <itemStatus>1</itemStatus>
      <LastUpdateDate />
      <LastUpdateTime />
    </Product>
    <Product>
      <PriceUpdateDate>2015/06/07 14:43</PriceUpdateDate>
      <ItemCode>7290105364289</ItemCode>
      <ItemType>1</ItemType>
      <ItemName>כיף כף מקלות פיצפוצים 40גר</ItemName>
      <ManufactureName>שטראוס גרופ בעמ</ManufactureName>
      <ManufactureCountry />
      <ManufactureItemDescription />
      <UnitQty>י"ח</UnitQty>
      <Quantity>40</Quantity>
      <UnitMeasure>ל  גרם</UnitMeasure>
      <BisWeighted>0</BisWeighted>
      <QtyInPackage>1</QtyInPackage>
      <ItemPrice>5</ItemPrice>
      <UnitOfMeasurePrice>12.50</UnitOfMeasurePrice>
      <AllowDiscount>0</AllowDiscount>
      <itemStatus>1</itemStatus>
      <LastUpdateDate />
      <LastUpdateTime />
    </Product>
    <Product>
      <PriceUpdateDate>2018/07/16 13:50</PriceUpdateDate>
      <ItemCode>7290105364883</ItemCode>
      <ItemType>1</ItemType>
      <ItemName>ביסקויט עד חצות לבן</ItemName>
      <ManufactureName>שטראוס גרופ בעמ</ManufactureName>
      <ManufactureCountry />
      <ManufactureItemDescription />
      <UnitQty>י"ח</UnitQty>
      <Quantity>200</Quantity>
      <UnitMeasure>ל  גרם</UnitMeasure>
      <BisWeighted>0</BisWeighted>
      <QtyInPackage>1</QtyInPackage>
      <ItemPrice>11.90</ItemPrice>
      <UnitOfMeasurePrice>5.95</UnitOfMeasurePrice>
      <AllowDiscount>0</AllowDiscount>
      <itemStatus>1</itemStatus>
      <LastUpdateDate />
      <LastUpdateTime />
    </Product>
    <Product>
      <PriceUpdateDate>2018/12/30 10:44</PriceUpdateDate>
      <ItemCode>7290105366023</ItemCode>
      <ItemType>1</ItemType>
      <ItemName>סלט אחלה חצילים טעם כבד 400 גרם</ItemName>
      <ManufactureName>שטראוס גרופ ***בעמ</ManufactureName>
      <ManufactureCountry />
      <ManufactureItemDescription />
      <UnitQty>י"ח</UnitQty>
      <Quantity>400</Quantity>
      <UnitMeasure>ל  גרם</UnitMeasure>
      <BisWeighted>0</BisWeighted>
      <QtyInPackage>1</QtyInPackage>
      <ItemPrice>15.50</ItemPrice>
      <UnitOfMeasurePrice>3.88</UnitOfMeasurePrice>
      <AllowDiscount>0</AllowDiscount>
      <itemStatus>1</itemStatus>
      <LastUpdateDate />
      <LastUpdateTime />
    </Product>
    <Product>
      <PriceUpdateDate>2018/12/30 10:44</PriceUpdateDate>
      <ItemCode>7290105366047</ItemCode>
      <ItemType>1</ItemType>
      <ItemName>טחינה לבנה אחלה 400גרם</ItemName>
      <ManufactureName>שטראוס גרופ ***בעמ</ManufactureName>
      <ManufactureCountry />
      <ManufactureItemDescription />
      <UnitQty>י"ח</UnitQty>
      <Quantity>400</Quantity>
      <UnitMeasure>ל  גרם</UnitMeasure>
      <BisWeighted>0</BisWeighted>
      <QtyInPackage>1</QtyInPackage>
      <ItemPrice>15.50</ItemPrice>
      <UnitOfMeasurePrice>3.88</UnitOfMeasurePrice>
      <AllowDiscount>0</AllowDiscount>
      <itemStatus>1</itemStatus>
      <LastUpdateDate />
      <LastUpdateTime />
    </Product>
    <Product>
      <PriceUpdateDate>2018/12/30 10:44</PriceUpdateDate>
      <ItemCode>7290105366054</ItemCode>
      <ItemType>1</ItemType>
      <ItemName>טחינה ירוקה עם פטרוזיליה טריה 400גרם</ItemName>
      <ManufactureName>שטראוס גרופ ***בעמ</ManufactureName>
      <ManufactureCountry />
      <ManufactureItemDescription />
      <UnitQty>י"ח</UnitQty>
      <Quantity>400</Quantity>
      <UnitMeasure>ל  גרם</UnitMeasure>
      <BisWeighted>0</BisWeighted>
      <QtyInPackage>1</QtyInPackage>
      <ItemPrice>15.50</ItemPrice>
      <UnitOfMeasurePrice>3.88</UnitOfMeasurePrice>
      <AllowDiscount>0</AllowDiscount>
      <itemStatus>1</itemStatus>
      <LastUpdateDate />
      <LastUpdateTime />
    </Product>
    <Product>
      <PriceUpdateDate>2019/01/13 12:52</PriceUpdateDate>
      <ItemCode>7290105366993</ItemCode>
      <ItemType>1</ItemType>
      <ItemName>סימפוניה פלפל שיפקה  200גר</ItemName>
      <ManufactureName>שטראוס גרופ ***בעמ</ManufactureName>
      <ManufactureCountry />
      <ManufactureItemDescription />
      <UnitQty>י"ח</UnitQty>
      <Quantity>200</Quantity>
      <UnitMeasure>ל  גרם</UnitMeasure>
      <BisWeighted>0</BisWeighted>
      <QtyInPackage>1</QtyInPackage>
      <ItemPrice>11.60</ItemPrice>
      <UnitOfMeasurePrice>5.80</UnitOfMeasurePrice>
      <AllowDiscount>0</AllowDiscount>
      <itemStatus>1</itemStatus>
      <LastUpdateDate />
      <LastUpdateTime />
    </Product>
    <Product>
      <PriceUpdateDate>2019/12/08 08:57</PriceUpdateDate>
      <ItemCode>7290105368225</ItemCode>
      <ItemType>1</ItemType>
      <ItemName>חומוס עם פלפל שיפקה 400גרם</ItemName>
      <ManufactureName>שטראוס גרופ ***בעמ</ManufactureName>
      <ManufactureCountry />
      <ManufactureItemDescription />
      <UnitQty>י"ח</UnitQty>
      <Quantity>400</Quantity>
      <UnitMeasure>ל  גרם</UnitMeasure>
      <BisWeighted>0</BisWeighted>
      <QtyInPackage>1</QtyInPackage>
      <ItemPrice>10.90</ItemPrice>
      <UnitOfMeasurePrice>2.73</UnitOfMeasurePrice>
      <AllowDiscount>0</AllowDiscount>
      <itemStatus>1</itemStatus>
      <LastUpdateDate />
      <LastUpdateTime />
    </Product>
    <Product>
      <PriceUpdateDate>2013/12/24 15:28</PriceUpdateDate>
      <ItemCode>7290105368928</ItemCode>
      <ItemType>1</ItemType>
      <ItemName>שמנת 9% מהדרין 200מ"ל</ItemName>
      <ManufactureName>שטראוס גרופ ***בעמ</ManufactureName>
      <ManufactureCountry />
      <ManufactureItemDescription />
      <UnitQty>י"ח</UnitQty>
      <Quantity>200</Quantity>
      <UnitMeasure>ל  מ"ל</UnitMeasure>
      <BisWeighted>0</BisWeighted>
      <QtyInPackage>1</QtyInPackage>
      <ItemPrice>3.10</ItemPrice>
      <UnitOfMeasurePrice>1.55</UnitOfMeasurePrice>
      <AllowDiscount>0</AllowDiscount>
      <itemStatus>1</itemStatus>
      <LastUpdateDate />
      <LastUpdateTime />
    </Product>
    <Product>
      <PriceUpdateDate>2019/07/02 13:43</PriceUpdateDate>
      <ItemCode>7290105368959</ItemCode>
      <ItemType>1</ItemType>
      <ItemName>משקה חלב  פונץ`בננה  מהדרין 250גרם</ItemName>
      <ManufactureName>שטראוס גרופ ***בעמ</ManufactureName>
      <ManufactureCountry />
      <ManufactureItemDescription />
      <UnitQty>י"ח</UnitQty>
      <Quantity>250</Quantity>
      <UnitMeasure>ל  גרם</UnitMeasure>
      <BisWeighted>0</BisWeighted>
      <QtyInPackage>1</QtyInPackage>
      <ItemPrice>5.50</ItemPrice>
      <UnitOfMeasurePrice>2.20</UnitOfMeasurePrice>
      <AllowDiscount>0</AllowDiscount>
      <itemStatus>1</itemStatus>
      <LastUpdateDate />
      <LastUpdateTime />
    </Product>
    <Product>
      <PriceUpdateDate>2019/01/13 12:52</PriceUpdateDate>
      <ItemCode>7290105369451</ItemCode>
      <ItemType>1</ItemType>
      <ItemName>ציטוס דולפינים 55גרם</ItemName>
      <ManufactureName>שטראוס פריטו ליי בעמ</ManufactureName>
      <ManufactureCountry />
      <ManufactureItemDescription />
      <UnitQty>י"ח</UnitQty>
      <Quantity>55</Quantity>
      <UnitMeasure>ל  גרם</UnitMeasure>
      <BisWeighted>0</BisWeighted>
      <QtyInPackage>1</QtyInPackage>
      <ItemPrice>3.50</ItemPrice>
      <UnitOfMeasurePrice>6.36</UnitOfMeasurePrice>
      <AllowDiscount>1</AllowDiscount>
      <itemStatus>1</itemStatus>
      <LastUpdateDate />
      <LastUpdateTime />
    </Product>
    <Product>
      <PriceUpdateDate>2015/06/09 10:30</PriceUpdateDate>
      <ItemCode>7290105431516</ItemCode>
      <ItemType>1</ItemType>
      <ItemName>פרי  מארז 5 דגנים טעם תמרים בוטנים.</ItemName>
      <ManufactureName>ש.שסטוביץ בעמ</ManufactureName>
      <ManufactureCountry />
      <ManufactureItemDescription />
      <UnitQty>י"ח</UnitQty>
      <Quantity>5</Quantity>
      <UnitMeasure>י"ח</UnitMeasure>
      <BisWeighted>0</BisWeighted>
      <QtyInPackage>1</QtyInPackage>
      <ItemPrice>16.90</ItemPrice>
      <UnitOfMeasurePrice>3.38</UnitOfMeasurePrice>
      <AllowDiscount>1</AllowDiscount>
      <itemStatus>1</itemStatus>
      <LastUpdateDate />
      <LastUpdateTime />
    </Product>
    <Product>
      <PriceUpdateDate>2015/12/20 11:12</PriceUpdateDate>
      <ItemCode>7290105431950</ItemCode>
      <ItemType>1</ItemType>
      <ItemName>דאו ספיד סטיק ספריי אבטיח</ItemName>
      <ManufactureName>ש.שסטוביץ בעמ</ManufactureName>
      <ManufactureCountry />
      <ManufactureItemDescription />
      <UnitQty>י"ח</UnitQty>
      <Quantity>165</Quantity>
      <UnitMeasure>ל  מ"ל</UnitMeasure>
      <BisWeighted>0</BisWeighted>
      <QtyInPackage>1</QtyInPackage>
      <ItemPrice>21.90</ItemPrice>
      <UnitOfMeasurePrice>13.27</UnitOfMeasurePrice>
      <AllowDiscount>1</AllowDiscount>
      <itemStatus>1</itemStatus>
      <LastUpdateDate />
      <LastUpdateTime />
    </Product>
    <Product>
      <PriceUpdateDate>2018/09/25 10:44</PriceUpdateDate>
      <ItemCode>7290105439499</ItemCode>
      <ItemType>1</ItemType>
      <ItemName>מיונז 481ג מאסטר שף</ItemName>
      <ManufactureName>ש.שסטוביץ בעמ</ManufactureName>
      <ManufactureCountry />
      <ManufactureItemDescription />
      <UnitQty>י"ח</UnitQty>
      <Quantity>481</Quantity>
      <UnitMeasure>ל  גרם</UnitMeasure>
      <BisWeighted>0</BisWeighted>
      <QtyInPackage>1</QtyInPackage>
      <ItemPrice>10.90</ItemPrice>
      <UnitOfMeasurePrice>2.27</UnitOfMeasurePrice>
      <AllowDiscount>0</AllowDiscount>
      <itemStatus>1</itemStatus>
      <LastUpdateDate />
      <LastUpdateTime />
    </Product>
    <Product>
      <PriceUpdateDate>2016/12/21 09:48</PriceUpdateDate>
      <ItemCode>7290105439505</ItemCode>
      <ItemType>1</ItemType>
      <ItemName>קרם בטעם מיונס לייט 479ג מנה</ItemName>
      <ManufactureName>ש.שסטוביץ בעמ</ManufactureName>
      <ManufactureCountry />
      <ManufactureItemDescription />
      <UnitQty>י"ח</UnitQty>
      <Quantity>479</Quantity>
      <UnitMeasure>ל  גרם</UnitMeasure>
      <BisWeighted>0</BisWeighted>
      <QtyInPackage>1</QtyInPackage>
      <ItemPrice>11.90</ItemPrice>
      <UnitOfMeasurePrice>2.48</UnitOfMeasurePrice>
      <AllowDiscount>1</AllowDiscount>
      <itemStatus>1</itemStatus>
      <LastUpdateDate />
      <LastUpdateTime />
    </Product>
    <Product>
      <PriceUpdateDate>2015/02/23 11:01</PriceUpdateDate>
      <ItemCode>7290105474124</ItemCode>
      <ItemType>1</ItemType>
      <ItemName>בונזו 12 ק"ג</ItemName>
      <ManufactureName>דיפלומט בעמ</ManufactureName>
      <ManufactureCountry />
      <ManufactureItemDescription />
      <UnitQty>י"ח</UnitQty>
      <Quantity>12</Quantity>
      <UnitMeasure>ק"ג</UnitMeasure>
      <BisWeighted>0</BisWeighted>
      <QtyInPackage>1</QtyInPackage>
      <ItemPrice>119.90</ItemPrice>
      <UnitOfMeasurePrice>9.99</UnitOfMeasurePrice>
      <AllowDiscount>0</AllowDiscount>
      <itemStatus>1</itemStatus>
      <LastUpdateDate />
      <LastUpdateTime />
    </Product>
    <Product>
      <PriceUpdateDate>2018/10/18 21:52</PriceUpdateDate>
      <ItemCode>7290105500151</ItemCode>
      <ItemType>1</ItemType>
      <ItemName>וודקה פינלנדיה רגיל 700</ItemName>
      <ManufactureName>מ.אקרמן בעמ</ManufactureName>
      <ManufactureCountry />
      <ManufactureItemDescription />
      <UnitQty>י"ח</UnitQty>
      <Quantity>750</Quantity>
      <UnitMeasure>ל  מ"ל</UnitMeasure>
      <BisWeighted>0</BisWeighted>
      <QtyInPackage>1</QtyInPackage>
      <ItemPrice>59.90</ItemPrice>
      <UnitOfMeasurePrice>7.95</UnitOfMeasurePrice>
      <AllowDiscount>0</AllowDiscount>
      <itemStatus>1</itemStatus>
      <LastUpdateDate />
      <LastUpdateTime />
    </Product>
    <Product>
      <PriceUpdateDate>2014/05/04 12:18</PriceUpdateDate>
      <ItemCode>7290105691224</ItemCode>
      <ItemType>1</ItemType>
      <ItemName>חטיפי פריכונים טורטיה שום בצל 60 גר</ItemName>
      <ManufactureName>קבוצת אוסם סחר-שות.מוגבלת</ManufactureName>
      <ManufactureCountry />
      <ManufactureItemDescription />
      <UnitQty>י"ח</UnitQty>
      <Quantity>60</Quantity>
      <UnitMeasure>ל  גרם</UnitMeasure>
      <BisWeighted>0</BisWeighted>
      <QtyInPackage>1</QtyInPackage>
      <ItemPrice>7.60</ItemPrice>
      <UnitOfMeasurePrice>12.67</UnitOfMeasurePrice>
      <AllowDiscount>1</AllowDiscount>
      <itemStatus>1</itemStatus>
      <LastUpdateDate />
      <LastUpdateTime />
    </Product>
    <Product>
      <PriceUpdateDate>2014/05/04 12:18</PriceUpdateDate>
      <ItemCode>7290105691248</ItemCode>
      <ItemType>1</ItemType>
      <ItemName>חטיפי פריכונים טורטיה תירס 60 גר</ItemName>
      <ManufactureName>קבוצת אוסם סחר-שות.מוגבלת</ManufactureName>
      <ManufactureCountry />
      <ManufactureItemDescription />
      <UnitQty>י"ח</UnitQty>
      <Quantity>60</Quantity>
      <UnitMeasure>ל  גרם</UnitMeasure>
      <BisWeighted>0</BisWeighted>
      <QtyInPackage>1</QtyInPackage>
      <ItemPrice>7.60</ItemPrice>
      <UnitOfMeasurePrice>12.67</UnitOfMeasurePrice>
      <AllowDiscount>1</AllowDiscount>
      <itemStatus>1</itemStatus>
      <LastUpdateDate />
      <LastUpdateTime />
    </Product>
    <Product>
      <PriceUpdateDate>2019/09/11 14:03</PriceUpdateDate>
      <ItemCode>7290105691699</ItemCode>
      <ItemType>1</ItemType>
      <ItemName>עוגיות ביס בטעם חמאה300 ג*</ItemName>
      <ManufactureName>קבוצת אוסם סחר-שות.מוגבלת</ManufactureName>
      <ManufactureCountry />
      <ManufactureItemDescription />
      <UnitQty>י"ח</UnitQty>
      <Quantity>300</Quantity>
      <UnitMeasure>ל  גרם</UnitMeasure>
      <BisWeighted>0</BisWeighted>
      <QtyInPackage>1</QtyInPackage>
      <ItemPrice>9.90</ItemPrice>
      <UnitOfMeasurePrice>3.30</UnitOfMeasurePrice>
      <AllowDiscount>0</AllowDiscount>
      <itemStatus>1</itemStatus>
      <LastUpdateDate />
      <LastUpdateTime />
    </Product>
    <Product>
      <PriceUpdateDate>2014/05/04 17:22</PriceUpdateDate>
      <ItemCode>7290105691712</ItemCode>
      <ItemType>1</ItemType>
      <ItemName>עוגיות הפסקת קפה 230גר</ItemName>
      <ManufactureName>קבוצת אוסם סחר-שות.מוגבלת</ManufactureName>
      <ManufactureCountry />
      <ManufactureItemDescription />
      <UnitQty>י"ח</UnitQty>
      <Quantity>230</Quantity>
      <UnitMeasure>ל  גרם</UnitMeasure>
      <BisWeighted>0</BisWeighted>
      <QtyInPackage>1</QtyInPackage>
      <ItemPrice>11.90</ItemPrice>
      <UnitOfMeasurePrice>5.17</UnitOfMeasurePrice>
      <AllowDiscount>0</AllowDiscount>
      <itemStatus>1</itemStatus>
      <LastUpdateDate />
      <LastUpdateTime />
    </Product>
    <Product>
      <PriceUpdateDate>2018/04/11 18:59</PriceUpdateDate>
      <ItemCode>7290105692511</ItemCode>
      <ItemType>1</ItemType>
      <ItemName>עוגת שיש כשל"פ 350גר</ItemName>
      <ManufactureName>קבוצת אוסם סחר-שות.מוגבלת</ManufactureName>
      <ManufactureCountry />
      <ManufactureItemDescription />
      <UnitQty>י"ח</UnitQty>
      <Quantity>350</Quantity>
      <UnitMeasure>ל  גרם</UnitMeasure>
      <BisWeighted>0</BisWeighted>
      <QtyInPackage>1</QtyInPackage>
      <ItemPrice>12.90</ItemPrice>
      <UnitOfMeasurePrice>3.69</UnitOfMeasurePrice>
      <AllowDiscount>0</AllowDiscount>
      <itemStatus>1</itemStatus>
      <LastUpdateDate />
      <LastUpdateTime />
    </Product>
    <Product>
      <PriceUpdateDate>2013/12/03 12:22</PriceUpdateDate>
      <ItemCode>7290105693952</ItemCode>
      <ItemType>1</ItemType>
      <ItemName>פירורית זהב שומשום 200 ג</ItemName>
      <ManufactureName>קבוצת אוסם סחר-שות.מוגבלת</ManufactureName>
      <ManufactureCountry />
      <ManufactureItemDescription />
      <UnitQty>י"ח</UnitQty>
      <Quantity>200</Quantity>
      <UnitMeasure>ל  גרם</UnitMeasure>
      <BisWeighted>0</BisWeighted>
      <QtyInPackage>1</QtyInPackage>
      <ItemPrice>6.60</ItemPrice>
      <UnitOfMeasurePrice>3.30</UnitOfMeasurePrice>
      <AllowDiscount>0</AllowDiscount>
      <itemStatus>1</itemStatus>
      <LastUpdateDate />
      <LastUpdateTime />
    </Product>
    <Product>
      <PriceUpdateDate>2019/02/11 11:51</PriceUpdateDate>
      <ItemCode>7290105694928</ItemCode>
      <ItemType>1</ItemType>
      <ItemName>אבקת מרק בצל רכיבים טבעים  220גר</ItemName>
      <ManufactureName>קבוצת אוסם סחר-שות.מוגבלת</ManufactureName>
      <ManufactureCountry />
      <ManufactureItemDescription />
      <UnitQty>י"ח</UnitQty>
      <Quantity>220</Quantity>
      <UnitMeasure>ל  גרם</UnitMeasure>
      <BisWeighted>0</BisWeighted>
      <QtyInPackage>1</QtyInPackage>
      <ItemPrice>16.90</ItemPrice>
      <UnitOfMeasurePrice>7.68</UnitOfMeasurePrice>
      <AllowDiscount>0</AllowDiscount>
      <itemStatus>1</itemStatus>
      <LastUpdateDate />
      <LastUpdateTime />
    </Product>
    <Product>
      <PriceUpdateDate>2016/09/07 10:02</PriceUpdateDate>
      <ItemCode>7290105695024</ItemCode>
      <ItemType>1</ItemType>
      <ItemName>פתיתים אפויים אורז עם אטריות</ItemName>
      <ManufactureName>קבוצת אוסם סחר-שות.מוגבלת</ManufactureName>
      <ManufactureCountry />
      <ManufactureItemDescription />
      <UnitQty>י"ח</UnitQty>
      <Quantity>500</Quantity>
      <UnitMeasure>ל  גרם</UnitMeasure>
      <BisWeighted>0</BisWeighted>
      <QtyInPackage>1</QtyInPackage>
      <ItemPrice>6.90</ItemPrice>
      <UnitOfMeasurePrice>1.38</UnitOfMeasurePrice>
      <AllowDiscount>1</AllowDiscount>
      <itemStatus>1</itemStatus>
      <LastUpdateDate />
      <LastUpdateTime />
    </Product>
    <Product>
      <PriceUpdateDate>2018/12/05 13:16</PriceUpdateDate>
      <ItemCode>7290105695321</ItemCode>
      <ItemType>1</ItemType>
      <ItemName>עוגת בראוניז  פאדג`380גר`</ItemName>
      <ManufactureName>קבוצת אוסם סחר-שות.מוגבלת</ManufactureName>
      <ManufactureCountry />
      <ManufactureItemDescription />
      <UnitQty>י"ח</UnitQty>
      <Quantity>380</Quantity>
      <UnitMeasure>ל  גרם</UnitMeasure>
      <BisWeighted>0</BisWeighted>
      <QtyInPackage>1</QtyInPackage>
      <ItemPrice>16.90</ItemPrice>
      <UnitOfMeasurePrice>4.45</UnitOfMeasurePrice>
      <AllowDiscount>0</AllowDiscount>
      <itemStatus>1</itemStatus>
      <LastUpdateDate />
      <LastUpdateTime />
    </Product>
    <Product>
      <PriceUpdateDate>2016/09/28 17:38</PriceUpdateDate>
      <ItemCode>7290105695994</ItemCode>
      <ItemType>1</ItemType>
      <ItemName>רוטב סויה טבעי 290מ"ל</ItemName>
      <ManufactureName>קבוצת אוסם סחר-שות.מוגבלת</ManufactureName>
      <ManufactureCountry />
      <ManufactureItemDescription />
      <UnitQty>י"ח</UnitQty>
      <Quantity>290</Quantity>
      <UnitMeasure>ל  גרם</UnitMeasure>
      <BisWeighted>0</BisWeighted>
      <QtyInPackage>1</QtyInPackage>
      <ItemPrice>13.90</ItemPrice>
      <UnitOfMeasurePrice>4.79</UnitOfMeasurePrice>
      <AllowDiscount>1</AllowDiscount>
      <itemStatus>1</itemStatus>
      <LastUpdateDate />
      <LastUpdateTime />
    </Product>
    <Product>
      <PriceUpdateDate>2018/08/07 13:01</PriceUpdateDate>
      <ItemCode>7290105961525</ItemCode>
      <ItemType>1</ItemType>
      <ItemName>;שוקולד ספלנדיד מריר 85% 100גרם</ItemName>
      <ManufactureName>שטראוס גרופ בעמ</ManufactureName>
      <ManufactureCountry />
      <ManufactureItemDescription />
      <UnitQty>י"ח</UnitQty>
      <Quantity>100</Quantity>
      <UnitMeasure>ל  גרם</UnitMeasure>
      <BisWeighted>0</BisWeighted>
      <QtyInPackage>1</QtyInPackage>
      <ItemPrice>11.90</ItemPrice>
      <UnitOfMeasurePrice>11.90</UnitOfMeasurePrice>
      <AllowDiscount>0</AllowDiscount>
      <itemStatus>1</itemStatus>
      <LastUpdateDate />
      <LastUpdateTime />
    </Product>
    <Product>
      <PriceUpdateDate>2018/01/04 10:46</PriceUpdateDate>
      <ItemCode>7290105962331</ItemCode>
      <ItemType>1</ItemType>
      <ItemName>סחוג אדום זהבי  220גרם</ItemName>
      <ManufactureName>שטראוס גרופ ***בעמ</ManufactureName>
      <ManufactureCountry />
      <ManufactureItemDescription />
      <UnitQty>י"ח</UnitQty>
      <Quantity>220</Quantity>
      <UnitMeasure>ל  גרם</UnitMeasure>
      <BisWeighted>0</BisWeighted>
      <QtyInPackage>1</QtyInPackage>
      <ItemPrice>10.90</ItemPrice>
      <UnitOfMeasurePrice>4.95</UnitOfMeasurePrice>
      <AllowDiscount>0</AllowDiscount>
      <itemStatus>1</itemStatus>
      <LastUpdateDate />
      <LastUpdateTime />
    </Product>
    <Product>
      <PriceUpdateDate>2019/10/02 10:41</PriceUpdateDate>
      <ItemCode>7290105964564</ItemCode>
      <ItemType>1</ItemType>
      <ItemName>חומוס 400 גרם.</ItemName>
      <ManufactureName>שטראוס גרופ ***בעמ</ManufactureName>
      <ManufactureCountry />
      <ManufactureItemDescription />
      <UnitQty>י"ח</UnitQty>
      <Quantity>400</Quantity>
      <UnitMeasure>ל  גרם</UnitMeasure>
      <BisWeighted>0</BisWeighted>
      <QtyInPackage>1</QtyInPackage>
      <ItemPrice>8.90</ItemPrice>
      <UnitOfMeasurePrice>2.23</UnitOfMeasurePrice>
      <AllowDiscount>0</AllowDiscount>
      <itemStatus>1</itemStatus>
      <LastUpdateDate />
      <LastUpdateTime />
    </Product>
    <Product>
      <PriceUpdateDate>2014/04/07 10:31</PriceUpdateDate>
      <ItemCode>7290105965738</ItemCode>
      <ItemType>1</ItemType>
      <ItemName>משקה בוקר לשתיה תות בננה 267מ"ל</ItemName>
      <ManufactureName>שטראוס גרופ ***בעמ</ManufactureName>
      <ManufactureCountry />
      <ManufactureItemDescription />
      <UnitQty>י"ח</UnitQty>
      <Quantity>267</Quantity>
      <UnitMeasure>ל  גרם</UnitMeasure>
      <BisWeighted>0</BisWeighted>
      <QtyInPackage>1</QtyInPackage>
      <ItemPrice>4.80</ItemPrice>
      <UnitOfMeasurePrice>1.80</UnitOfMeasurePrice>
      <AllowDiscount>0</AllowDiscount>
      <itemStatus>1</itemStatus>
      <LastUpdateDate />
      <LastUpdateTime />
    </Product>
    <Product>
      <PriceUpdateDate>2019/12/03 09:29</PriceUpdateDate>
      <ItemCode>7290105966469</ItemCode>
      <ItemType>1</ItemType>
      <ItemName>חומץ בלסמי יד מרדכי 250מ"ל</ItemName>
      <ManufactureName>שטראוס גרופ בעמ</ManufactureName>
      <ManufactureCountry />
      <ManufactureItemDescription />
      <UnitQty>י"ח</UnitQty>
      <Quantity>250</Quantity>
      <UnitMeasure>ל  מ"ל</UnitMeasure>
      <BisWeighted>0</BisWeighted>
      <QtyInPackage>1</QtyInPackage>
      <ItemPrice>14.90</ItemPrice>
      <UnitOfMeasurePrice>5.96</UnitOfMeasurePrice>
      <AllowDiscount>0</AllowDiscount>
      <itemStatus>1</itemStatus>
      <LastUpdateDate />
      <LastUpdateTime />
    </Product>
    <Product>
      <PriceUpdateDate>2014/05/18 11:23</PriceUpdateDate>
      <ItemCode>7290105968654</ItemCode>
      <ItemType>1</ItemType>
      <ItemName>טורטליני בטטה שטראוס פרווה</ItemName>
      <ManufactureName>שטראוס גרופ ***בעמ</ManufactureName>
      <ManufactureCountry />
      <ManufactureItemDescription />
      <UnitQty>י"ח</UnitQty>
      <Quantity>400</Quantity>
      <UnitMeasure>ל  גרם</UnitMeasure>
      <BisWeighted>0</BisWeighted>
      <QtyInPackage>1</QtyInPackage>
      <ItemPrice>19.90</ItemPrice>
      <UnitOfMeasurePrice>4.98</UnitOfMeasurePrice>
      <AllowDiscount>1</AllowDiscount>
      <itemStatus>1</itemStatus>
      <LastUpdateDate />
      <LastUpdateTime />
    </Product>
    <Product>
      <PriceUpdateDate>2019/08/06 13:26</PriceUpdateDate>
      <ItemCode>7290105968777</ItemCode>
      <ItemType>1</ItemType>
      <ItemName>פרכיות  אנרג`תחתית שוקולד מריר70גר</ItemName>
      <ManufactureName>שטראוס גרופ בעמ</ManufactureName>
      <ManufactureCountry />
      <ManufactureItemDescription />
      <UnitQty>י"ח</UnitQty>
      <Quantity>1</Quantity>
      <UnitMeasure />
      <BisWeighted>0</BisWeighted>
      <QtyInPackage>1</QtyInPackage>
      <ItemPrice>7.90</ItemPrice>
      <UnitOfMeasurePrice>7.90</UnitOfMeasurePrice>
      <AllowDiscount>0</AllowDiscount>
      <itemStatus>1</itemStatus>
      <LastUpdateDate />
      <LastUpdateTime />
    </Product>
    <Product>
      <PriceUpdateDate>2019/06/03 12:00</PriceUpdateDate>
      <ItemCode>7290106520066</ItemCode>
      <ItemType>1</ItemType>
      <ItemName>אצבעות רבע לשבע 120גר`</ItemName>
      <ManufactureName>שטראוס גרופ בעמ</ManufactureName>
      <ManufactureCountry />
      <ManufactureItemDescription />
      <UnitQty>י"ח</UnitQty>
      <Quantity>120</Quantity>
      <UnitMeasure>ל  גרם</UnitMeasure>
      <BisWeighted>0</BisWeighted>
      <QtyInPackage>1</QtyInPackage>
      <ItemPrice>11.90</ItemPrice>
      <UnitOfMeasurePrice>9.92</UnitOfMeasurePrice>
      <AllowDiscount>1</AllowDiscount>
      <itemStatus>1</itemStatus>
      <LastUpdateDate />
      <LastUpdateTime />
    </Product>
    <Product>
      <PriceUpdateDate>2016/02/21 15:10</PriceUpdateDate>
      <ItemCode>7290106520288</ItemCode>
      <ItemType>1</ItemType>
      <ItemName>דנונה פרו תות 3%  150גר</ItemName>
      <ManufactureName>שטראוס גרופ ***בעמ</ManufactureName>
      <ManufactureCountry />
      <ManufactureItemDescription />
      <UnitQty>י"ח</UnitQty>
      <Quantity>150</Quantity>
      <UnitMeasure>ל  מ"ל</UnitMeasure>
      <BisWeighted>0</BisWeighted>
      <QtyInPackage>1</QtyInPackage>
      <ItemPrice>4.60</ItemPrice>
      <UnitOfMeasurePrice>3.07</UnitOfMeasurePrice>
      <AllowDiscount>0</AllowDiscount>
      <itemStatus>1</itemStatus>
      <LastUpdateDate />
      <LastUpdateTime />
    </Product>
    <Product>
      <PriceUpdateDate>2018/12/30 10:44</PriceUpdateDate>
      <ItemCode>7290106520905</ItemCode>
      <ItemType>1</ItemType>
      <ItemName>סלט טורקי 400גר</ItemName>
      <ManufactureName>שטראוס גרופ ***בעמ</ManufactureName>
      <ManufactureCountry />
      <ManufactureItemDescription />
      <UnitQty>י"ח</UnitQty>
      <Quantity>400</Quantity>
      <UnitMeasure>ל  גרם</UnitMeasure>
      <BisWeighted>0</BisWeighted>
      <QtyInPackage>1</QtyInPackage>
      <ItemPrice>15.50</ItemPrice>
      <UnitOfMeasurePrice>3.88</UnitOfMeasurePrice>
      <AllowDiscount>0</AllowDiscount>
      <itemStatus>1</itemStatus>
      <LastUpdateDate />
      <LastUpdateTime />
    </Product>
    <Product>
      <PriceUpdateDate>2016/06/02 17:53</PriceUpdateDate>
      <ItemCode>7290106520912</ItemCode>
      <ItemType>1</ItemType>
      <ItemName>שמנת לבישול 9% שומן 258גר</ItemName>
      <ManufactureName>שטראוס גרופ ***בעמ</ManufactureName>
      <ManufactureCountry />
      <ManufactureItemDescription />
      <UnitQty>י"ח</UnitQty>
      <Quantity>258</Quantity>
      <UnitMeasure>ל  מ"ל</UnitMeasure>
      <BisWeighted>0</BisWeighted>
      <QtyInPackage>1</QtyInPackage>
      <ItemPrice>7.90</ItemPrice>
      <UnitOfMeasurePrice>3.06</UnitOfMeasurePrice>
      <AllowDiscount>0</AllowDiscount>
      <itemStatus>1</itemStatus>
      <LastUpdateDate />
      <LastUpdateTime />
    </Product>
    <Product>
      <PriceUpdateDate>2019/01/13 12:52</PriceUpdateDate>
      <ItemCode>7290106524439</ItemCode>
      <ItemType>1</ItemType>
      <ItemName>תפוצ יפס פופס 60ג</ItemName>
      <ManufactureName>שטראוס פריטו ליי בעמ</ManufactureName>
      <ManufactureCountry />
      <ManufactureItemDescription />
      <UnitQty>י"ח</UnitQty>
      <Quantity>60</Quantity>
      <UnitMeasure>ל  גרם</UnitMeasure>
      <BisWeighted>0</BisWeighted>
      <QtyInPackage>1</QtyInPackage>
      <ItemPrice>4.50</ItemPrice>
      <UnitOfMeasurePrice>7.50</UnitOfMeasurePrice>
      <AllowDiscount>0</AllowDiscount>
      <itemStatus>1</itemStatus>
      <LastUpdateDate />
      <LastUpdateTime />
    </Product>
    <Product>
      <PriceUpdateDate>2019/08/06 13:26</PriceUpdateDate>
      <ItemCode>7290106526822</ItemCode>
      <ItemType>1</ItemType>
      <ItemName>פריכיות אנרג`י תחתית  חלב 80גר</ItemName>
      <ManufactureName>שטראוס גרופ בעמ</ManufactureName>
      <ManufactureCountry />
      <ManufactureItemDescription />
      <UnitQty>י"ח</UnitQty>
      <Quantity>80</Quantity>
      <UnitMeasure>ל  גרם</UnitMeasure>
      <BisWeighted>0</BisWeighted>
      <QtyInPackage>1</QtyInPackage>
      <ItemPrice>7.90</ItemPrice>
      <UnitOfMeasurePrice>9.88</UnitOfMeasurePrice>
      <AllowDiscount>0</AllowDiscount>
      <itemStatus>1</itemStatus>
      <LastUpdateDate />
      <LastUpdateTime />
    </Product>
    <Product>
      <PriceUpdateDate>2019/08/06 13:26</PriceUpdateDate>
      <ItemCode>7290106527386</ItemCode>
      <ItemType>1</ItemType>
      <ItemName>פריכיות אנרג`י מצופה שוקולד חלב 70גר</ItemName>
      <ManufactureName>שטראוס גרופ בעמ</ManufactureName>
      <ManufactureCountry />
      <ManufactureItemDescription />
      <UnitQty>י"ח</UnitQty>
      <Quantity>70</Quantity>
      <UnitMeasure>ל  גרם</UnitMeasure>
      <BisWeighted>0</BisWeighted>
      <QtyInPackage>1</QtyInPackage>
      <ItemPrice>7.90</ItemPrice>
      <UnitOfMeasurePrice>11.29</UnitOfMeasurePrice>
      <AllowDiscount>0</AllowDiscount>
      <itemStatus>1</itemStatus>
      <LastUpdateDate />
      <LastUpdateTime />
    </Product>
    <Product>
      <PriceUpdateDate>2017/11/17 09:05</PriceUpdateDate>
      <ItemCode>7290106570573</ItemCode>
      <ItemType>1</ItemType>
      <ItemName>בונז`ור חלה מתוקה 500ג</ItemName>
      <ManufactureName>קבוצת אוסם סחר-שות.מוגבלת</ManufactureName>
      <ManufactureCountry />
      <ManufactureItemDescription />
      <UnitQty>י"ח</UnitQty>
      <Quantity>560</Quantity>
      <UnitMeasure>ל  גרם</UnitMeasure>
      <BisWeighted>0</BisWeighted>
      <QtyInPackage>1</QtyInPackage>
      <ItemPrice>10.90</ItemPrice>
      <UnitOfMeasurePrice>1.95</UnitOfMeasurePrice>
      <AllowDiscount>0</AllowDiscount>
      <itemStatus>1</itemStatus>
      <LastUpdateDate />
      <LastUpdateTime />
    </Product>
    <Product>
      <PriceUpdateDate>2019/06/16 13:20</PriceUpdateDate>
      <ItemCode>7290106571037</ItemCode>
      <ItemType>1</ItemType>
      <ItemName>מאגדת גומיגם 450גר כשל"פ</ItemName>
      <ManufactureName>נגה גלידות</ManufactureName>
      <ManufactureCountry />
      <ManufactureItemDescription />
      <UnitQty>י"ח</UnitQty>
      <Quantity>450</Quantity>
      <UnitMeasure>ל  גרם</UnitMeasure>
      <BisWeighted>0</BisWeighted>
      <QtyInPackage>1</QtyInPackage>
      <ItemPrice>31.90</ItemPrice>
      <UnitOfMeasurePrice>7.09</UnitOfMeasurePrice>
      <AllowDiscount>0</AllowDiscount>
      <itemStatus>1</itemStatus>
      <LastUpdateDate />
      <LastUpdateTime />
    </Product>
    <Product>
      <PriceUpdateDate>2014/06/29 13:05</PriceUpdateDate>
      <ItemCode>7290106571709</ItemCode>
      <ItemType>1</ItemType>
      <ItemName>רוטב צ`ילי מתוק כשל"פ 290 מ"ל</ItemName>
      <ManufactureName>קבוצת אוסם סחר-שות.מוגבלת</ManufactureName>
      <ManufactureCountry />
      <ManufactureItemDescription />
      <UnitQty>י"ח</UnitQty>
      <Quantity>290</Quantity>
      <UnitMeasure>ל  גרם</UnitMeasure>
      <BisWeighted>0</BisWeighted>
      <QtyInPackage>1</QtyInPackage>
      <ItemPrice>12.50</ItemPrice>
      <UnitOfMeasurePrice>4.31</UnitOfMeasurePrice>
      <AllowDiscount>1</AllowDiscount>
      <itemStatus>1</itemStatus>
      <LastUpdateDate />
      <LastUpdateTime />
    </Product>
    <Product>
      <PriceUpdateDate>2014/06/10 09:45</PriceUpdateDate>
      <ItemCode>7290106571921</ItemCode>
      <ItemType>1</ItemType>
      <ItemName>עוגיות חמוציות 180גר</ItemName>
      <ManufactureName>קבוצת אוסם סחר-שות.מוגבלת</ManufactureName>
      <ManufactureCountry />
      <ManufactureItemDescription />
      <UnitQty>י"ח</UnitQty>
      <Quantity>180</Quantity>
      <UnitMeasure>ל  גרם</UnitMeasure>
      <BisWeighted>0</BisWeighted>
      <QtyInPackage>1</QtyInPackage>
      <ItemPrice>11.90</ItemPrice>
      <UnitOfMeasurePrice>6.61</UnitOfMeasurePrice>
      <AllowDiscount>0</AllowDiscount>
      <itemStatus>1</itemStatus>
      <LastUpdateDate />
      <LastUpdateTime />
    </Product>
    <Product>
      <PriceUpdateDate>2018/05/08 15:02</PriceUpdateDate>
      <ItemCode>7290106571945</ItemCode>
      <ItemType>1</ItemType>
      <ItemName>עוגיות שוקולד מריר 180גר</ItemName>
      <ManufactureName>קבוצת אוסם סחר-שות.מוגבלת</ManufactureName>
      <ManufactureCountry />
      <ManufactureItemDescription />
      <UnitQty>י"ח</UnitQty>
      <Quantity>180</Quantity>
      <UnitMeasure>ל  גרם</UnitMeasure>
      <BisWeighted>0</BisWeighted>
      <QtyInPackage>1</QtyInPackage>
      <ItemPrice>11.90</ItemPrice>
      <UnitOfMeasurePrice>6.61</UnitOfMeasurePrice>
      <AllowDiscount>0</AllowDiscount>
      <itemStatus>1</itemStatus>
      <LastUpdateDate />
      <LastUpdateTime />
    </Product>
    <Product>
      <PriceUpdateDate>2019/07/02 09:42</PriceUpdateDate>
      <ItemCode>7290106572027</ItemCode>
      <ItemType>1</ItemType>
      <ItemName>לחמית חמישה דגנים 190גר</ItemName>
      <ManufactureName>קבוצת אוסם סחר-שות.מוגבלת</ManufactureName>
      <ManufactureCountry />
      <ManufactureItemDescription />
      <UnitQty>י"ח</UnitQty>
      <Quantity>230</Quantity>
      <UnitMeasure>ל  גרם</UnitMeasure>
      <BisWeighted>0</BisWeighted>
      <QtyInPackage>1</QtyInPackage>
      <ItemPrice>8.90</ItemPrice>
      <UnitOfMeasurePrice>3.87</UnitOfMeasurePrice>
      <AllowDiscount>1</AllowDiscount>
      <itemStatus>1</itemStatus>
      <LastUpdateDate />
      <LastUpdateTime />
    </Product>
    <Product>
      <PriceUpdateDate>2014/05/04 12:18</PriceUpdateDate>
      <ItemCode>7290106572065</ItemCode>
      <ItemType>1</ItemType>
      <ItemName>חטיפי פריכונים טורטיה חמוץ מתוק 60 גר</ItemName>
      <ManufactureName>קבוצת אוסם סחר-שות.מוגבלת</ManufactureName>
      <ManufactureCountry />
      <ManufactureItemDescription />
      <UnitQty>י"ח</UnitQty>
      <Quantity>60</Quantity>
      <UnitMeasure>ל  גרם</UnitMeasure>
      <BisWeighted>0</BisWeighted>
      <QtyInPackage>1</QtyInPackage>
      <ItemPrice>7.60</ItemPrice>
      <UnitOfMeasurePrice>12.67</UnitOfMeasurePrice>
      <AllowDiscount>1</AllowDiscount>
      <itemStatus>1</itemStatus>
      <LastUpdateDate />
      <LastUpdateTime />
    </Product>
    <Product>
      <PriceUpdateDate>2016/09/07 08:10</PriceUpdateDate>
      <ItemCode>7290106572997</ItemCode>
      <ItemType>1</ItemType>
      <ItemName>קמח שמרים לפיצה 1ק"ג</ItemName>
      <ManufactureName>קבוצת אוסם סחר-שות.מוגבלת</ManufactureName>
      <ManufactureCountry />
      <ManufactureItemDescription />
      <UnitQty>י"ח</UnitQty>
      <Quantity>1</Quantity>
      <UnitMeasure>ק"ג</UnitMeasure>
      <BisWeighted>0</BisWeighted>
      <QtyInPackage>1</QtyInPackage>
      <ItemPrice>10.60</ItemPrice>
      <UnitOfMeasurePrice>10.60</UnitOfMeasurePrice>
      <AllowDiscount>0</AllowDiscount>
      <itemStatus>1</itemStatus>
      <LastUpdateDate />
      <LastUpdateTime />
    </Product>
    <Product>
      <PriceUpdateDate>2020/03/12 09:45</PriceUpdateDate>
      <ItemCode>7290106573277</ItemCode>
      <ItemType>1</ItemType>
      <ItemName>קריספי טאפאס זיתיםי 150גרם</ItemName>
      <ManufactureName>קבוצת אוסם סחר-שות.מוגבלת</ManufactureName>
      <ManufactureCountry />
      <ManufactureItemDescription />
      <UnitQty>י"ח</UnitQty>
      <Quantity>150</Quantity>
      <UnitMeasure>ל  גרם</UnitMeasure>
      <BisWeighted>0</BisWeighted>
      <QtyInPackage>1</QtyInPackage>
      <ItemPrice>10.50</ItemPrice>
      <UnitOfMeasurePrice>7</UnitOfMeasurePrice>
      <AllowDiscount>1</AllowDiscount>
      <itemStatus>1</itemStatus>
      <LastUpdateDate />
      <LastUpdateTime />
    </Product>
    <Product>
      <PriceUpdateDate>2020/03/12 09:45</PriceUpdateDate>
      <ItemCode>7290106573291</ItemCode>
      <ItemType>1</ItemType>
      <ItemName>קריספי טאפאס פלפלים 150גרם</ItemName>
      <ManufactureName>קבוצת אוסם סחר-שות.מוגבלת</ManufactureName>
      <ManufactureCountry />
      <ManufactureItemDescription />
      <UnitQty>י"ח</UnitQty>
      <Quantity>150</Quantity>
      <UnitMeasure>ל  גרם</UnitMeasure>
      <BisWeighted>0</BisWeighted>
      <QtyInPackage>1</QtyInPackage>
      <ItemPrice>10.50</ItemPrice>
      <UnitOfMeasurePrice>7</UnitOfMeasurePrice>
      <AllowDiscount>1</AllowDiscount>
      <itemStatus>1</itemStatus>
      <LastUpdateDate />
      <LastUpdateTime />
    </Product>
    <Product>
      <PriceUpdateDate>2020/03/12 09:45</PriceUpdateDate>
      <ItemCode>7290106573314</ItemCode>
      <ItemType>1</ItemType>
      <ItemName>קריספי טאפאס פיזורים 150גרם</ItemName>
      <ManufactureName>קבוצת אוסם סחר-שות.מוגבלת</ManufactureName>
      <ManufactureCountry />
      <ManufactureItemDescription />
      <UnitQty>י"ח</UnitQty>
      <Quantity>150</Quantity>
      <UnitMeasure>ל  גרם</UnitMeasure>
      <BisWeighted>0</BisWeighted>
      <QtyInPackage>1</QtyInPackage>
      <ItemPrice>10.50</ItemPrice>
      <UnitOfMeasurePrice>7</UnitOfMeasurePrice>
      <AllowDiscount>1</AllowDiscount>
      <itemStatus>1</itemStatus>
      <LastUpdateDate />
      <LastUpdateTime />
    </Product>
    <Product>
      <PriceUpdateDate>2019/09/11 14:03</PriceUpdateDate>
      <ItemCode>7290106574953</ItemCode>
      <ItemType>1</ItemType>
      <ItemName>שטוחים  בייגלה שומשום 300גר</ItemName>
      <ManufactureName>קבוצת אוסם סחר-שות.מוגבלת</ManufactureName>
      <ManufactureCountry />
      <ManufactureItemDescription />
      <UnitQty>י"ח</UnitQty>
      <Quantity>300</Quantity>
      <UnitMeasure>ל  גרם</UnitMeasure>
      <BisWeighted>0</BisWeighted>
      <QtyInPackage>1</QtyInPackage>
      <ItemPrice>10.90</ItemPrice>
      <UnitOfMeasurePrice>3.63</UnitOfMeasurePrice>
      <AllowDiscount>0</AllowDiscount>
      <itemStatus>1</itemStatus>
      <LastUpdateDate />
      <LastUpdateTime />
    </Product>
    <Product>
      <PriceUpdateDate>2019/09/11 14:03</PriceUpdateDate>
      <ItemCode>7290106574977</ItemCode>
      <ItemType>1</ItemType>
      <ItemName>שטוחים בייגלה  עם מלח  300גר</ItemName>
      <ManufactureName>קבוצת אוסם סחר-שות.מוגבלת</ManufactureName>
      <ManufactureCountry />
      <ManufactureItemDescription />
      <UnitQty>י"ח</UnitQty>
      <Quantity>300</Quantity>
      <UnitMeasure>ל  גרם</UnitMeasure>
      <BisWeighted>0</BisWeighted>
      <QtyInPackage>1</QtyInPackage>
      <ItemPrice>10.90</ItemPrice>
      <UnitOfMeasurePrice>3.63</UnitOfMeasurePrice>
      <AllowDiscount>0</AllowDiscount>
      <itemStatus>1</itemStatus>
      <LastUpdateDate />
      <LastUpdateTime />
    </Product>
    <Product>
      <PriceUpdateDate>2019/07/02 09:07</PriceUpdateDate>
      <ItemCode>7290106576223</ItemCode>
      <ItemType>1</ItemType>
      <ItemName>אפרופו שוקולד 40גר</ItemName>
      <ManufactureName>קבוצת אוסם סחר-שות.מוגבלת</ManufactureName>
      <ManufactureCountry />
      <ManufactureItemDescription />
      <UnitQty>י"ח</UnitQty>
      <Quantity>50</Quantity>
      <UnitMeasure>ל  גרם</UnitMeasure>
      <BisWeighted>0</BisWeighted>
      <QtyInPackage>1</QtyInPackage>
      <ItemPrice>5</ItemPrice>
      <UnitOfMeasurePrice>10</UnitOfMeasurePrice>
      <AllowDiscount>1</AllowDiscount>
      <itemStatus>1</itemStatus>
      <LastUpdateDate />
      <LastUpdateTime />
    </Product>
    <Product>
      <PriceUpdateDate>2015/11/03 11:07</PriceUpdateDate>
      <ItemCode>7290106576797</ItemCode>
      <ItemType>1</ItemType>
      <ItemName>לה קרמריה וניל איטלקי  1.4ליטר</ItemName>
      <ManufactureName>נגה גלידות</ManufactureName>
      <ManufactureCountry />
      <ManufactureItemDescription />
      <UnitQty>י"ח</UnitQty>
      <Quantity>1.40</Quantity>
      <UnitMeasure>ליטר</UnitMeasure>
      <BisWeighted>0</BisWeighted>
      <QtyInPackage>1</QtyInPackage>
      <ItemPrice>22.90</ItemPrice>
      <UnitOfMeasurePrice>16.36</UnitOfMeasurePrice>
      <AllowDiscount>1</AllowDiscount>
      <itemStatus>1</itemStatus>
      <LastUpdateDate />
      <LastUpdateTime />
    </Product>
    <Product>
      <PriceUpdateDate>2015/11/03 11:07</PriceUpdateDate>
      <ItemCode>7290106576858</ItemCode>
      <ItemType>1</ItemType>
      <ItemName>לה קרמריה תותים בשמנת  1.4ליטר</ItemName>
      <ManufactureName>נגה גלידות</ManufactureName>
      <ManufactureCountry />
      <ManufactureItemDescription />
      <UnitQty>י"ח</UnitQty>
      <Quantity>1.40</Quantity>
      <UnitMeasure>ליטר</UnitMeasure>
      <BisWeighted>0</BisWeighted>
      <QtyInPackage>1</QtyInPackage>
      <ItemPrice>22.90</ItemPrice>
      <UnitOfMeasurePrice>16.36</UnitOfMeasurePrice>
      <AllowDiscount>1</AllowDiscount>
      <itemStatus>1</itemStatus>
      <LastUpdateDate />
      <LastUpdateTime />
    </Product>
    <Product>
      <PriceUpdateDate>2015/11/03 11:07</PriceUpdateDate>
      <ItemCode>7290106576919</ItemCode>
      <ItemType>1</ItemType>
      <ItemName>לה קרמריה סורבה תות לימון1.4ליטר</ItemName>
      <ManufactureName>נגה גלידות</ManufactureName>
      <ManufactureCountry />
      <ManufactureItemDescription />
      <UnitQty>י"ח</UnitQty>
      <Quantity>1.40</Quantity>
      <UnitMeasure>ליטר</UnitMeasure>
      <BisWeighted>0</BisWeighted>
      <QtyInPackage>1</QtyInPackage>
      <ItemPrice>22.90</ItemPrice>
      <UnitOfMeasurePrice>16.36</UnitOfMeasurePrice>
      <AllowDiscount>1</AllowDiscount>
      <itemStatus>1</itemStatus>
      <LastUpdateDate />
      <LastUpdateTime />
    </Product>
    <Product>
      <PriceUpdateDate>2015/11/03 11:07</PriceUpdateDate>
      <ItemCode>7290106576957</ItemCode>
      <ItemType>1</ItemType>
      <ItemName>לה קרמריה שוקו וניל פליק פרווה 1.4ליטר</ItemName>
      <ManufactureName>נגה גלידות</ManufactureName>
      <ManufactureCountry />
      <ManufactureItemDescription />
      <UnitQty>י"ח</UnitQty>
      <Quantity>1.40</Quantity>
      <UnitMeasure>ליטר</UnitMeasure>
      <BisWeighted>0</BisWeighted>
      <QtyInPackage>1</QtyInPackage>
      <ItemPrice>22.90</ItemPrice>
      <UnitOfMeasurePrice>16.36</UnitOfMeasurePrice>
      <AllowDiscount>1</AllowDiscount>
      <itemStatus>1</itemStatus>
      <LastUpdateDate />
      <LastUpdateTime />
    </Product>
    <Product>
      <PriceUpdateDate>2018/03/01 13:06</PriceUpdateDate>
      <ItemCode>7290106576971</ItemCode>
      <ItemType>1</ItemType>
      <ItemName>לה קרמריה שוקולד בלגי  1.4ליטר</ItemName>
      <ManufactureName>נגה גלידות</ManufactureName>
      <ManufactureCountry />
      <ManufactureItemDescription />
      <UnitQty>י"ח</UnitQty>
      <Quantity>1.40</Quantity>
      <UnitMeasure>ליטר</UnitMeasure>
      <BisWeighted>0</BisWeighted>
      <QtyInPackage>1</QtyInPackage>
      <ItemPrice>22.90</ItemPrice>
      <UnitOfMeasurePrice>16.36</UnitOfMeasurePrice>
      <AllowDiscount>1</AllowDiscount>
      <itemStatus>1</itemStatus>
      <LastUpdateDate />
      <LastUpdateTime />
    </Product>
    <Product>
      <PriceUpdateDate>2013/12/08 16:16</PriceUpdateDate>
      <ItemCode>7290106577282</ItemCode>
      <ItemType>1</ItemType>
      <ItemName>טחינה מרובע 400גר</ItemName>
      <ManufactureName>קבוצת אוסם סחר-שות.מוגבלת</ManufactureName>
      <ManufactureCountry />
      <ManufactureItemDescription />
      <UnitQty>י"ח</UnitQty>
      <Quantity>400</Quantity>
      <UnitMeasure>ל  גרם</UnitMeasure>
      <BisWeighted>0</BisWeighted>
      <QtyInPackage>1</QtyInPackage>
      <ItemPrice>11.90</ItemPrice>
      <UnitOfMeasurePrice>2.98</UnitOfMeasurePrice>
      <AllowDiscount>0</AllowDiscount>
      <itemStatus>1</itemStatus>
      <LastUpdateDate />
      <LastUpdateTime />
    </Product>
    <Product>
      <PriceUpdateDate>2013/12/08 16:19</PriceUpdateDate>
      <ItemCode>7290106577503</ItemCode>
      <ItemType>1</ItemType>
      <ItemName>חציל במיונז מרובע 400 גרם</ItemName>
      <ManufactureName>קבוצת אוסם סחר-שות.מוגבלת</ManufactureName>
      <ManufactureCountry />
      <ManufactureItemDescription />
      <UnitQty>י"ח</UnitQty>
      <Quantity>400</Quantity>
      <UnitMeasure>ל  גרם</UnitMeasure>
      <BisWeighted>0</BisWeighted>
      <QtyInPackage>1</QtyInPackage>
      <ItemPrice>11.90</ItemPrice>
      <UnitOfMeasurePrice>2.98</UnitOfMeasurePrice>
      <AllowDiscount>0</AllowDiscount>
      <itemStatus>1</itemStatus>
      <LastUpdateDate />
      <LastUpdateTime />
    </Product>
    <Product>
      <PriceUpdateDate>2019/10/24 11:58</PriceUpdateDate>
      <ItemCode>7290106577541</ItemCode>
      <ItemType>1</ItemType>
      <ItemName>כרוב אדום צבר  400גר</ItemName>
      <ManufactureName>קבוצת אוסם סחר-שות.מוגבלת</ManufactureName>
      <ManufactureCountry />
      <ManufactureItemDescription />
      <UnitQty>י"ח</UnitQty>
      <Quantity>400</Quantity>
      <UnitMeasure>ל  גרם</UnitMeasure>
      <BisWeighted>0</BisWeighted>
      <QtyInPackage>1</QtyInPackage>
      <ItemPrice>11.90</ItemPrice>
      <UnitOfMeasurePrice>2.98</UnitOfMeasurePrice>
      <AllowDiscount>0</AllowDiscount>
      <itemStatus>1</itemStatus>
      <LastUpdateDate />
      <LastUpdateTime />
    </Product>
    <Product>
      <PriceUpdateDate>2017/11/17 08:50</PriceUpdateDate>
      <ItemCode>7290106577688</ItemCode>
      <ItemType>1</ItemType>
      <ItemName>בונז`ור קראנץ 540ג</ItemName>
      <ManufactureName>קבוצת אוסם סחר-שות.מוגבלת</ManufactureName>
      <ManufactureCountry />
      <ManufactureItemDescription />
      <UnitQty>י"ח</UnitQty>
      <Quantity>560</Quantity>
      <UnitMeasure>ל  גרם</UnitMeasure>
      <BisWeighted>0</BisWeighted>
      <QtyInPackage>1</QtyInPackage>
      <ItemPrice>19.90</ItemPrice>
      <UnitOfMeasurePrice>3.55</UnitOfMeasurePrice>
      <AllowDiscount>1</AllowDiscount>
      <itemStatus>1</itemStatus>
      <LastUpdateDate />
      <LastUpdateTime />
    </Product>
    <Product>
      <PriceUpdateDate>2017/11/17 08:48</PriceUpdateDate>
      <ItemCode>7290106577701</ItemCode>
      <ItemType>1</ItemType>
      <ItemName>בונז`ור רוגעלך  560ג</ItemName>
      <ManufactureName>קבוצת אוסם סחר-שות.מוגבלת</ManufactureName>
      <ManufactureCountry />
      <ManufactureItemDescription />
      <UnitQty>י"ח</UnitQty>
      <Quantity>560</Quantity>
      <UnitMeasure>ל  גרם</UnitMeasure>
      <BisWeighted>0</BisWeighted>
      <QtyInPackage>1</QtyInPackage>
      <ItemPrice>19.90</ItemPrice>
      <UnitOfMeasurePrice>3.55</UnitOfMeasurePrice>
      <AllowDiscount>1</AllowDiscount>
      <itemStatus>1</itemStatus>
      <LastUpdateDate />
      <LastUpdateTime />
    </Product>
    <Product>
      <PriceUpdateDate>2019/02/20 09:10</PriceUpdateDate>
      <ItemCode>7290106577848</ItemCode>
      <ItemType>1</ItemType>
      <ItemName>נסטי 1.5ליטר מארז שישייה</ItemName>
      <ManufactureName>טמפו משקאות בעמ</ManufactureName>
      <ManufactureCountry />
      <ManufactureItemDescription />
      <UnitQty>י"ח</UnitQty>
      <Quantity>1.50</Quantity>
      <UnitMeasure>ליטר</UnitMeasure>
      <BisWeighted>0</BisWeighted>
      <QtyInPackage>1</QtyInPackage>
      <ItemPrice>29.90</ItemPrice>
      <UnitOfMeasurePrice>19.93</UnitOfMeasurePrice>
      <AllowDiscount>0</AllowDiscount>
      <itemStatus>1</itemStatus>
      <LastUpdateDate />
      <LastUpdateTime />
    </Product>
    <Product>
      <PriceUpdateDate>2013/12/08 16:20</PriceUpdateDate>
      <ItemCode>7290106578333</ItemCode>
      <ItemType>1</ItemType>
      <ItemName>חציל על  האש]מרובע 400גר</ItemName>
      <ManufactureName>קבוצת אוסם סחר-שות.מוגבלת</ManufactureName>
      <ManufactureCountry />
      <ManufactureItemDescription />
      <UnitQty>י"ח</UnitQty>
      <Quantity>400</Quantity>
      <UnitMeasure>ל  גרם</UnitMeasure>
      <BisWeighted>0</BisWeighted>
      <QtyInPackage>1</QtyInPackage>
      <ItemPrice>11.90</ItemPrice>
      <UnitOfMeasurePrice>2.98</UnitOfMeasurePrice>
      <AllowDiscount>0</AllowDiscount>
      <itemStatus>1</itemStatus>
      <LastUpdateDate />
      <LastUpdateTime />
    </Product>
    <Product>
      <PriceUpdateDate>2018/12/05 13:16</PriceUpdateDate>
      <ItemCode>7290106578821</ItemCode>
      <ItemType>1</ItemType>
      <ItemName>עוגת שמרים שוקולד קלאסית 350גר</ItemName>
      <ManufactureName>קבוצת אוסם סחר-שות.מוגבלת</ManufactureName>
      <ManufactureCountry />
      <ManufactureItemDescription />
      <UnitQty>י"ח</UnitQty>
      <Quantity>350</Quantity>
      <UnitMeasure>ל  גרם</UnitMeasure>
      <BisWeighted>0</BisWeighted>
      <QtyInPackage>1</QtyInPackage>
      <ItemPrice>16.90</ItemPrice>
      <UnitOfMeasurePrice>4.83</UnitOfMeasurePrice>
      <AllowDiscount>0</AllowDiscount>
      <itemStatus>1</itemStatus>
      <LastUpdateDate />
      <LastUpdateTime />
    </Product>
    <Product>
      <PriceUpdateDate>2015/06/08 17:32</PriceUpdateDate>
      <ItemCode>7290106653207</ItemCode>
      <ItemType>1</ItemType>
      <ItemName>פיתה  קראנצ`בטעם זעתר  300ג</ItemName>
      <ManufactureName>שטראוס פריטו ליי בעמ</ManufactureName>
      <ManufactureCountry />
      <ManufactureItemDescription />
      <UnitQty>י"ח</UnitQty>
      <Quantity>300</Quantity>
      <UnitMeasure>ל  גרם</UnitMeasure>
      <BisWeighted>0</BisWeighted>
      <QtyInPackage>1</QtyInPackage>
      <ItemPrice>12.90</ItemPrice>
      <UnitOfMeasurePrice>4.30</UnitOfMeasurePrice>
      <AllowDiscount>1</AllowDiscount>
      <itemStatus>1</itemStatus>
      <LastUpdateDate />
      <LastUpdateTime />
    </Product>
    <Product>
      <PriceUpdateDate>2016/03/02 10:38</PriceUpdateDate>
      <ItemCode>7290106654099</ItemCode>
      <ItemType>1</ItemType>
      <ItemName>מאגדת מילקי CAKE שמינייה</ItemName>
      <ManufactureName>שטראוס גרופ ***בעמ</ManufactureName>
      <ManufactureCountry />
      <ManufactureItemDescription />
      <UnitQty>י"ח</UnitQty>
      <Quantity>272</Quantity>
      <UnitMeasure>ל  גרם</UnitMeasure>
      <BisWeighted>0</BisWeighted>
      <QtyInPackage>1</QtyInPackage>
      <ItemPrice>19.90</ItemPrice>
      <UnitOfMeasurePrice>7.32</UnitOfMeasurePrice>
      <AllowDiscount>0</AllowDiscount>
      <itemStatus>1</itemStatus>
      <LastUpdateDate />
      <LastUpdateTime />
    </Product>
    <Product>
      <PriceUpdateDate>2019/01/13 12:52</PriceUpdateDate>
      <ItemCode>7290106654921</ItemCode>
      <ItemType>1</ItemType>
      <ItemName>תפוצ יפס  אקסטרא בטעם טבעי 50ג</ItemName>
      <ManufactureName>שטראוס פריטו ליי בעמ</ManufactureName>
      <ManufactureCountry />
      <ManufactureItemDescription />
      <UnitQty>י"ח</UnitQty>
      <Quantity>50</Quantity>
      <UnitMeasure>ל  גרם</UnitMeasure>
      <BisWeighted>0</BisWeighted>
      <QtyInPackage>1</QtyInPackage>
      <ItemPrice>4.50</ItemPrice>
      <UnitOfMeasurePrice>9</UnitOfMeasurePrice>
      <AllowDiscount>0</AllowDiscount>
      <itemStatus>1</itemStatus>
      <LastUpdateDate />
      <LastUpdateTime />
    </Product>
    <Product>
      <PriceUpdateDate>2015/01/25 09:21</PriceUpdateDate>
      <ItemCode>7290106656512</ItemCode>
      <ItemType>1</ItemType>
      <ItemName>בפלות טורטית 360גר.</ItemName>
      <ManufactureName>שטראוס גרופ בעמ</ManufactureName>
      <ManufactureCountry />
      <ManufactureItemDescription />
      <UnitQty>י"ח</UnitQty>
      <Quantity>360</Quantity>
      <UnitMeasure>ל  גרם</UnitMeasure>
      <BisWeighted>0</BisWeighted>
      <QtyInPackage>1</QtyInPackage>
      <ItemPrice>16.90</ItemPrice>
      <UnitOfMeasurePrice>4.69</UnitOfMeasurePrice>
      <AllowDiscount>0</AllowDiscount>
      <itemStatus>1</itemStatus>
      <LastUpdateDate />
      <LastUpdateTime />
    </Product>
    <Product>
      <PriceUpdateDate>2016/02/05 09:25</PriceUpdateDate>
      <ItemCode>7290106656727</ItemCode>
      <ItemType>1</ItemType>
      <ItemName>חיוכים שוקו 600גר בד"ץ</ItemName>
      <ManufactureName>שטראוס גרופ בעמ</ManufactureName>
      <ManufactureCountry />
      <ManufactureItemDescription />
      <UnitQty>י"ח</UnitQty>
      <Quantity>600</Quantity>
      <UnitMeasure>ל  גרם</UnitMeasure>
      <BisWeighted>0</BisWeighted>
      <QtyInPackage>1</QtyInPackage>
      <ItemPrice>17.90</ItemPrice>
      <UnitOfMeasurePrice>2.98</UnitOfMeasurePrice>
      <AllowDiscount>0</AllowDiscount>
      <itemStatus>1</itemStatus>
      <LastUpdateDate />
      <LastUpdateTime />
    </Product>
    <Product>
      <PriceUpdateDate>2016/02/05 09:25</PriceUpdateDate>
      <ItemCode>7290106656734</ItemCode>
      <ItemType>1</ItemType>
      <ItemName>חיוכים וניל 600גר בד"ץ</ItemName>
      <ManufactureName>שטראוס גרופ בעמ</ManufactureName>
      <ManufactureCountry />
      <ManufactureItemDescription />
      <UnitQty>י"ח</UnitQty>
      <Quantity>600</Quantity>
      <UnitMeasure>ל  גרם</UnitMeasure>
      <BisWeighted>0</BisWeighted>
      <QtyInPackage>1</QtyInPackage>
      <ItemPrice>17.90</ItemPrice>
      <UnitOfMeasurePrice>2.98</UnitOfMeasurePrice>
      <AllowDiscount>0</AllowDiscount>
      <itemStatus>1</itemStatus>
      <LastUpdateDate />
      <LastUpdateTime />
    </Product>
    <Product>
      <PriceUpdateDate>2015/06/07 15:06</PriceUpdateDate>
      <ItemCode>7290106660915</ItemCode>
      <ItemType>1</ItemType>
      <ItemName>מקופלת XL מריר כשל"פ 33גר</ItemName>
      <ManufactureName>שטראוס גרופ בעמ</ManufactureName>
      <ManufactureCountry />
      <ManufactureItemDescription />
      <UnitQty>י"ח</UnitQty>
      <Quantity>33</Quantity>
      <UnitMeasure>ל  גרם</UnitMeasure>
      <BisWeighted>0</BisWeighted>
      <QtyInPackage>1</QtyInPackage>
      <ItemPrice>3.90</ItemPrice>
      <UnitOfMeasurePrice>11.82</UnitOfMeasurePrice>
      <AllowDiscount>1</AllowDiscount>
      <itemStatus>1</itemStatus>
      <LastUpdateDate />
      <LastUpdateTime />
    </Product>
    <Product>
      <PriceUpdateDate>2020/03/19 14:29</PriceUpdateDate>
      <ItemCode>7290106662223</ItemCode>
      <ItemType>1</ItemType>
      <ItemName>אפיפית בטעם שוקולד 400גר ללא גלוטן</ItemName>
      <ManufactureName>שטראוס גרופ בעמ</ManufactureName>
      <ManufactureCountry />
      <ManufactureItemDescription />
      <UnitQty>י"ח</UnitQty>
      <Quantity>400</Quantity>
      <UnitMeasure>ל  גרם</UnitMeasure>
      <BisWeighted>0</BisWeighted>
      <QtyInPackage>1</QtyInPackage>
      <ItemPrice>16.90</ItemPrice>
      <UnitOfMeasurePrice>4.23</UnitOfMeasurePrice>
      <AllowDiscount>0</AllowDiscount>
      <itemStatus>1</itemStatus>
      <LastUpdateDate />
      <LastUpdateTime />
    </Product>
    <Product>
      <PriceUpdateDate>2016/06/30 19:03</PriceUpdateDate>
      <ItemCode>7290106662384</ItemCode>
      <ItemType>1</ItemType>
      <ItemName>בונבוניירה איחולים מתוקים 42גר</ItemName>
      <ManufactureName>שטראוס גרופ בעמ</ManufactureName>
      <ManufactureCountry />
      <ManufactureItemDescription />
      <UnitQty>י"ח</UnitQty>
      <Quantity>216</Quantity>
      <UnitMeasure>ל  גרם</UnitMeasure>
      <BisWeighted>0</BisWeighted>
      <QtyInPackage>1</QtyInPackage>
      <ItemPrice>9.90</ItemPrice>
      <UnitOfMeasurePrice>4.58</UnitOfMeasurePrice>
      <AllowDiscount>0</AllowDiscount>
      <itemStatus>1</itemStatus>
      <LastUpdateDate />
      <LastUpdateTime />
    </Product>
    <Product>
      <PriceUpdateDate>2015/08/24 13:11</PriceUpdateDate>
      <ItemCode>7290106663121</ItemCode>
      <ItemType>1</ItemType>
      <ItemName>מילקי CAKE בודד</ItemName>
      <ManufactureName>שטראוס גרופ ***בעמ</ManufactureName>
      <ManufactureCountry />
      <ManufactureItemDescription />
      <UnitQty>י"ח</UnitQty>
      <Quantity>34</Quantity>
      <UnitMeasure>ל  גרם</UnitMeasure>
      <BisWeighted>0</BisWeighted>
      <QtyInPackage>1</QtyInPackage>
      <ItemPrice>2.90</ItemPrice>
      <UnitOfMeasurePrice>8.53</UnitOfMeasurePrice>
      <AllowDiscount>0</AllowDiscount>
      <itemStatus>1</itemStatus>
      <LastUpdateDate />
      <LastUpdateTime />
    </Product>
    <Product>
      <PriceUpdateDate>2019/12/09 14:25</PriceUpdateDate>
      <ItemCode>7290106663503</ItemCode>
      <ItemType>1</ItemType>
      <ItemName>קונפיטורת לייט תות</ItemName>
      <ManufactureName>שטראוס גרופ בעמ</ManufactureName>
      <ManufactureCountry />
      <ManufactureItemDescription />
      <UnitQty>י"ח</UnitQty>
      <Quantity>250</Quantity>
      <UnitMeasure>ל  גרם</UnitMeasure>
      <BisWeighted>0</BisWeighted>
      <QtyInPackage>1</QtyInPackage>
      <ItemPrice>13.90</ItemPrice>
      <UnitOfMeasurePrice>5.56</UnitOfMeasurePrice>
      <AllowDiscount>1</AllowDiscount>
      <itemStatus>1</itemStatus>
      <LastUpdateDate />
      <LastUpdateTime />
    </Product>
    <Product>
      <PriceUpdateDate>2019/12/09 14:25</PriceUpdateDate>
      <ItemCode>7290106663527</ItemCode>
      <ItemType>1</ItemType>
      <ItemName>קונפיטורת לייט משמש</ItemName>
      <ManufactureName>שטראוס גרופ בעמ</ManufactureName>
      <ManufactureCountry />
      <ManufactureItemDescription />
      <UnitQty>י"ח</UnitQty>
      <Quantity>250</Quantity>
      <UnitMeasure>ל  גרם</UnitMeasure>
      <BisWeighted>0</BisWeighted>
      <QtyInPackage>1</QtyInPackage>
      <ItemPrice>13.90</ItemPrice>
      <UnitOfMeasurePrice>5.56</UnitOfMeasurePrice>
      <AllowDiscount>1</AllowDiscount>
      <itemStatus>1</itemStatus>
      <LastUpdateDate />
      <LastUpdateTime />
    </Product>
    <Product>
      <PriceUpdateDate>2016/02/05 09:32</PriceUpdateDate>
      <ItemCode>7290106663565</ItemCode>
      <ItemType>1</ItemType>
      <ItemName>חלבית 300   גרם]עלית[חלבי</ItemName>
      <ManufactureName>שטראוס גרופ בעמ</ManufactureName>
      <ManufactureCountry />
      <ManufactureItemDescription />
      <UnitQty>י"ח</UnitQty>
      <Quantity>300</Quantity>
      <UnitMeasure>ל  גרם</UnitMeasure>
      <BisWeighted>0</BisWeighted>
      <QtyInPackage>1</QtyInPackage>
      <ItemPrice>17.90</ItemPrice>
      <UnitOfMeasurePrice>5.97</UnitOfMeasurePrice>
      <AllowDiscount>0</AllowDiscount>
      <itemStatus>1</itemStatus>
      <LastUpdateDate />
      <LastUpdateTime />
    </Product>
    <Product>
      <PriceUpdateDate>2019/11/21 09:10</PriceUpdateDate>
      <ItemCode>7290106668577</ItemCode>
      <ItemType>1</ItemType>
      <ItemName>מיץ לימון טבעי 250מ"ל</ItemName>
      <ManufactureName>שטראוס גרופ בעמ</ManufactureName>
      <ManufactureCountry />
      <ManufactureItemDescription />
      <UnitQty>י"ח</UnitQty>
      <Quantity>250</Quantity>
      <UnitMeasure>ל  מ"ל</UnitMeasure>
      <BisWeighted>0</BisWeighted>
      <QtyInPackage>1</QtyInPackage>
      <ItemPrice>7.90</ItemPrice>
      <UnitOfMeasurePrice>3.16</UnitOfMeasurePrice>
      <AllowDiscount>1</AllowDiscount>
      <itemStatus>1</itemStatus>
      <LastUpdateDate />
      <LastUpdateTime />
    </Product>
    <Product>
      <PriceUpdateDate>2019/01/09 16:09</PriceUpdateDate>
      <ItemCode>7290106669857</ItemCode>
      <ItemType>1</ItemType>
      <ItemName>קפסולות אספרסו עלית טעם וניל 50גר</ItemName>
      <ManufactureName>שטראוס גרופ בעמ</ManufactureName>
      <ManufactureCountry />
      <ManufactureItemDescription />
      <UnitQty>י"ח</UnitQty>
      <Quantity>50</Quantity>
      <UnitMeasure>ל  גרם</UnitMeasure>
      <BisWeighted>0</BisWeighted>
      <QtyInPackage>1</QtyInPackage>
      <ItemPrice>17.90</ItemPrice>
      <UnitOfMeasurePrice>35.80</UnitOfMeasurePrice>
      <AllowDiscount>1</AllowDiscount>
      <itemStatus>1</itemStatus>
      <LastUpdateDate />
      <LastUpdateTime />
    </Product>
    <Product>
      <PriceUpdateDate>2016/03/23 11:36</PriceUpdateDate>
      <ItemCode>7290106721234</ItemCode>
      <ItemType>1</ItemType>
      <ItemName>בונבוניירה איחולים מתוקים 126גר</ItemName>
      <ManufactureName>שטראוס גרופ בעמ</ManufactureName>
      <ManufactureCountry />
      <ManufactureItemDescription />
      <UnitQty>י"ח</UnitQty>
      <Quantity>216</Quantity>
      <UnitMeasure>ל  גרם</UnitMeasure>
      <BisWeighted>0</BisWeighted>
      <QtyInPackage>1</QtyInPackage>
      <ItemPrice>27.90</ItemPrice>
      <UnitOfMeasurePrice>12.92</UnitOfMeasurePrice>
      <AllowDiscount>0</AllowDiscount>
      <itemStatus>1</itemStatus>
      <LastUpdateDate />
      <LastUpdateTime />
    </Product>
    <Product>
      <PriceUpdateDate>2016/03/06 18:05</PriceUpdateDate>
      <ItemCode>7290106721906</ItemCode>
      <ItemType>1</ItemType>
      <ItemName>מסטיק מאסט בזוקה צ`יקלט 66גר</ItemName>
      <ManufactureName>שטראוס גרופ בעמ</ManufactureName>
      <ManufactureCountry />
      <ManufactureItemDescription />
      <UnitQty>י"ח</UnitQty>
      <Quantity>66</Quantity>
      <UnitMeasure>ל  גרם</UnitMeasure>
      <BisWeighted>0</BisWeighted>
      <QtyInPackage>1</QtyInPackage>
      <ItemPrice>9.80</ItemPrice>
      <UnitOfMeasurePrice>14.85</UnitOfMeasurePrice>
      <AllowDiscount>1</AllowDiscount>
      <itemStatus>1</itemStatus>
      <LastUpdateDate />
      <LastUpdateTime />
    </Product>
    <Product>
      <PriceUpdateDate>2015/06/07 14:59</PriceUpdateDate>
      <ItemCode>7290106724419</ItemCode>
      <ItemType>1</ItemType>
      <ItemName>חיוכים וניל  150במגש</ItemName>
      <ManufactureName>שטראוס גרופ בעמ</ManufactureName>
      <ManufactureCountry />
      <ManufactureItemDescription />
      <UnitQty>י"ח</UnitQty>
      <Quantity>150</Quantity>
      <UnitMeasure>ל  גרם</UnitMeasure>
      <BisWeighted>0</BisWeighted>
      <QtyInPackage>1</QtyInPackage>
      <ItemPrice>4.90</ItemPrice>
      <UnitOfMeasurePrice>3.27</UnitOfMeasurePrice>
      <AllowDiscount>0</AllowDiscount>
      <itemStatus>1</itemStatus>
      <LastUpdateDate />
      <LastUpdateTime />
    </Product>
    <Product>
      <PriceUpdateDate>2019/09/03 09:08</PriceUpdateDate>
      <ItemCode>7290106724488</ItemCode>
      <ItemType>1</ItemType>
      <ItemName>דנונה טבעי 1.7% 150גר</ItemName>
      <ManufactureName>שטראוס גרופ ***בעמ</ManufactureName>
      <ManufactureCountry />
      <ManufactureItemDescription />
      <UnitQty>י"ח</UnitQty>
      <Quantity>150</Quantity>
      <UnitMeasure>ל  גרם</UnitMeasure>
      <BisWeighted>0</BisWeighted>
      <QtyInPackage>1</QtyInPackage>
      <ItemPrice>2.30</ItemPrice>
      <UnitOfMeasurePrice>1.53</UnitOfMeasurePrice>
      <AllowDiscount>0</AllowDiscount>
      <itemStatus>1</itemStatus>
      <LastUpdateDate />
      <LastUpdateTime />
    </Product>
    <Product>
      <PriceUpdateDate>2019/06/03 12:00</PriceUpdateDate>
      <ItemCode>7290106725423</ItemCode>
      <ItemType>1</ItemType>
      <ItemName>רבע לשבע וופל טעם חלבה 120גר`</ItemName>
      <ManufactureName>שטראוס גרופ בעמ</ManufactureName>
      <ManufactureCountry />
      <ManufactureItemDescription />
      <UnitQty>י"ח</UnitQty>
      <Quantity>120</Quantity>
      <UnitMeasure>ל  גרם</UnitMeasure>
      <BisWeighted>0</BisWeighted>
      <QtyInPackage>1</QtyInPackage>
      <ItemPrice>11.90</ItemPrice>
      <UnitOfMeasurePrice>9.92</UnitOfMeasurePrice>
      <AllowDiscount>1</AllowDiscount>
      <itemStatus>1</itemStatus>
      <LastUpdateDate />
      <LastUpdateTime />
    </Product>
    <Product>
      <PriceUpdateDate>2015/12/10 17:36</PriceUpdateDate>
      <ItemCode>7290106727045</ItemCode>
      <ItemType>1</ItemType>
      <ItemName>דנונה פרו אננס 3%  150גר</ItemName>
      <ManufactureName>שטראוס גרופ ***בעמ</ManufactureName>
      <ManufactureCountry />
      <ManufactureItemDescription />
      <UnitQty>י"ח</UnitQty>
      <Quantity>150</Quantity>
      <UnitMeasure>ל  מ"ל</UnitMeasure>
      <BisWeighted>0</BisWeighted>
      <QtyInPackage>1</QtyInPackage>
      <ItemPrice>4.60</ItemPrice>
      <UnitOfMeasurePrice>3.07</UnitOfMeasurePrice>
      <AllowDiscount>0</AllowDiscount>
      <itemStatus>1</itemStatus>
      <LastUpdateDate />
      <LastUpdateTime />
    </Product>
    <Product>
      <PriceUpdateDate>2019/08/05 12:49</PriceUpdateDate>
      <ItemCode>7290106727984</ItemCode>
      <ItemType>1</ItemType>
      <ItemName>גביע פצפצים 135גר</ItemName>
      <ManufactureName>שטראוס גרופ בעמ</ManufactureName>
      <ManufactureCountry />
      <ManufactureItemDescription />
      <UnitQty>י"ח</UnitQty>
      <Quantity>135</Quantity>
      <UnitMeasure>ל  גרם</UnitMeasure>
      <BisWeighted>0</BisWeighted>
      <QtyInPackage>1</QtyInPackage>
      <ItemPrice>10.90</ItemPrice>
      <UnitOfMeasurePrice>8.07</UnitOfMeasurePrice>
      <AllowDiscount>0</AllowDiscount>
      <itemStatus>1</itemStatus>
      <LastUpdateDate />
      <LastUpdateTime />
    </Product>
    <Product>
      <PriceUpdateDate>2016/01/04 09:21</PriceUpdateDate>
      <ItemCode>7290106728127</ItemCode>
      <ItemType>1</ItemType>
      <ItemName>חלב טבעי בקבוק 1ליטר 3.6%</ItemName>
      <ManufactureName>שטראוס גרופ ***בעמ</ManufactureName>
      <ManufactureCountry />
      <ManufactureItemDescription />
      <UnitQty>י"ח</UnitQty>
      <Quantity>1</Quantity>
      <UnitMeasure>ליטר</UnitMeasure>
      <BisWeighted>0</BisWeighted>
      <QtyInPackage>1</QtyInPackage>
      <ItemPrice>7.50</ItemPrice>
      <UnitOfMeasurePrice>7.50</UnitOfMeasurePrice>
      <AllowDiscount>0</AllowDiscount>
      <itemStatus>1</itemStatus>
      <LastUpdateDate />
      <LastUpdateTime />
    </Product>
    <Product>
      <PriceUpdateDate>2017/12/27 16:12</PriceUpdateDate>
      <ItemCode>7290106729421</ItemCode>
      <ItemType>1</ItemType>
      <ItemName>עוגת בראוניס טורטית בד"ץ 380גר</ItemName>
      <ManufactureName>שטראוס גרופ בעמ</ManufactureName>
      <ManufactureCountry />
      <ManufactureItemDescription />
      <UnitQty>י"ח</UnitQty>
      <Quantity>380</Quantity>
      <UnitMeasure>ל  גרם</UnitMeasure>
      <BisWeighted>0</BisWeighted>
      <QtyInPackage>1</QtyInPackage>
      <ItemPrice>16.90</ItemPrice>
      <UnitOfMeasurePrice>4.45</UnitOfMeasurePrice>
      <AllowDiscount>0</AllowDiscount>
      <itemStatus>1</itemStatus>
      <LastUpdateDate />
      <LastUpdateTime />
    </Product>
    <Product>
      <PriceUpdateDate>2016/05/15 12:31</PriceUpdateDate>
      <ItemCode>7290106729650</ItemCode>
      <ItemType>1</ItemType>
      <ItemName>מארז דנונה שמינייה תות  3% 150גר</ItemName>
      <ManufactureName>שטראוס גרופ ***בעמ</ManufactureName>
      <ManufactureCountry />
      <ManufactureItemDescription />
      <UnitQty>י"ח</UnitQty>
      <Quantity>1.20</Quantity>
      <UnitMeasure>ליטר</UnitMeasure>
      <BisWeighted>0</BisWeighted>
      <QtyInPackage>1</QtyInPackage>
      <ItemPrice>23.90</ItemPrice>
      <UnitOfMeasurePrice>19.92</UnitOfMeasurePrice>
      <AllowDiscount>0</AllowDiscount>
      <itemStatus>1</itemStatus>
      <LastUpdateDate />
      <LastUpdateTime />
    </Product>
    <Product>
      <PriceUpdateDate>2019/12/09 14:32</PriceUpdateDate>
      <ItemCode>7290107280129</ItemCode>
      <ItemType>1</ItemType>
      <ItemName>שקיות אשפה 20יח</ItemName>
      <ManufactureName>החב הדרומית לשיווק</ManufactureName>
      <ManufactureCountry />
      <ManufactureItemDescription />
      <UnitQty>י"ח</UnitQty>
      <Quantity>1</Quantity>
      <UnitMeasure />
      <BisWeighted>0</BisWeighted>
      <QtyInPackage>1</QtyInPackage>
      <ItemPrice>23.90</ItemPrice>
      <UnitOfMeasurePrice>23.90</UnitOfMeasurePrice>
      <AllowDiscount>0</AllowDiscount>
      <itemStatus>1</itemStatus>
      <LastUpdateDate />
      <LastUpdateTime />
    </Product>
    <Product>
      <PriceUpdateDate>2019/12/10 10:07</PriceUpdateDate>
      <ItemCode>7290107280341</ItemCode>
      <ItemType>1</ItemType>
      <ItemName>מטליות לחות לרצפה מלון מפנק  10 יחידו</ItemName>
      <ManufactureName>החב הדרומית לשיווק</ManufactureName>
      <ManufactureCountry />
      <ManufactureItemDescription />
      <UnitQty>י"ח</UnitQty>
      <Quantity>1</Quantity>
      <UnitMeasure />
      <BisWeighted>0</BisWeighted>
      <QtyInPackage>1</QtyInPackage>
      <ItemPrice>10.90</ItemPrice>
      <UnitOfMeasurePrice>10.90</UnitOfMeasurePrice>
      <AllowDiscount>0</AllowDiscount>
      <itemStatus>1</itemStatus>
      <LastUpdateDate />
      <LastUpdateTime />
    </Product>
    <Product>
      <PriceUpdateDate>2019/12/04 14:54</PriceUpdateDate>
      <ItemCode>7290107280549</ItemCode>
      <ItemType>1</ItemType>
      <ItemName>K-400 סנו 300מ"ל</ItemName>
      <ManufactureName>החב הדרומית לשיווק</ManufactureName>
      <ManufactureCountry />
      <ManufactureItemDescription />
      <UnitQty>י"ח</UnitQty>
      <Quantity>300</Quantity>
      <UnitMeasure>ל  מ"ל</UnitMeasure>
      <BisWeighted>0</BisWeighted>
      <QtyInPackage>1</QtyInPackage>
      <ItemPrice>10.90</ItemPrice>
      <UnitOfMeasurePrice>3.63</UnitOfMeasurePrice>
      <AllowDiscount>1</AllowDiscount>
      <itemStatus>1</itemStatus>
      <LastUpdateDate />
      <LastUpdateTime />
    </Product>
    <Product>
      <PriceUpdateDate>2019/12/18 10:22</PriceUpdateDate>
      <ItemCode>7290107280723</ItemCode>
      <ItemType>1</ItemType>
      <ItemName>נוזל כלים סנו ספארק 700מ"ל לימון</ItemName>
      <ManufactureName>החב הדרומית לשיווק</ManufactureName>
      <ManufactureCountry />
      <ManufactureItemDescription />
      <UnitQty>י"ח</UnitQty>
      <Quantity>700</Quantity>
      <UnitMeasure>ל  מ"ל</UnitMeasure>
      <BisWeighted>0</BisWeighted>
      <QtyInPackage>1</QtyInPackage>
      <ItemPrice>7.90</ItemPrice>
      <UnitOfMeasurePrice>1.13</UnitOfMeasurePrice>
      <AllowDiscount>1</AllowDiscount>
      <itemStatus>1</itemStatus>
      <LastUpdateDate />
      <LastUpdateTime />
    </Product>
    <Product>
      <PriceUpdateDate>2019/12/08 12:27</PriceUpdateDate>
      <ItemCode>7290107280730</ItemCode>
      <ItemType>1</ItemType>
      <ItemName>נוזל כלים סנו ספארק 700מ"ל לבנדר</ItemName>
      <ManufactureName>החב הדרומית לשיווק</ManufactureName>
      <ManufactureCountry />
      <ManufactureItemDescription />
      <UnitQty>י"ח</UnitQty>
      <Quantity>700</Quantity>
      <UnitMeasure>ל  מ"ל</UnitMeasure>
      <BisWeighted>0</BisWeighted>
      <QtyInPackage>1</QtyInPackage>
      <ItemPrice>7.90</ItemPrice>
      <UnitOfMeasurePrice>1.13</UnitOfMeasurePrice>
      <AllowDiscount>1</AllowDiscount>
      <itemStatus>1</itemStatus>
      <LastUpdateDate />
      <LastUpdateTime />
    </Product>
    <Product>
      <PriceUpdateDate>2019/12/04 14:54</PriceUpdateDate>
      <ItemCode>7290107280754</ItemCode>
      <ItemType>1</ItemType>
      <ItemName>נוזל כלים סנו ספארק 700מ"ל היפואלרגני</ItemName>
      <ManufactureName>החב הדרומית לשיווק</ManufactureName>
      <ManufactureCountry />
      <ManufactureItemDescription />
      <UnitQty>י"ח</UnitQty>
      <Quantity>700</Quantity>
      <UnitMeasure>ל  מ"ל</UnitMeasure>
      <BisWeighted>0</BisWeighted>
      <QtyInPackage>1</QtyInPackage>
      <ItemPrice>7.90</ItemPrice>
      <UnitOfMeasurePrice>1.13</UnitOfMeasurePrice>
      <AllowDiscount>1</AllowDiscount>
      <itemStatus>1</itemStatus>
      <LastUpdateDate />
      <LastUpdateTime />
    </Product>
    <Product>
      <PriceUpdateDate>2019/12/04 14:54</PriceUpdateDate>
      <ItemCode>7290107280761</ItemCode>
      <ItemType>1</ItemType>
      <ItemName>נוזל כלים סנו ספארק 1ל לימון</ItemName>
      <ManufactureName>החב הדרומית לשיווק</ManufactureName>
      <ManufactureCountry />
      <ManufactureItemDescription />
      <UnitQty>י"ח</UnitQty>
      <Quantity>1</Quantity>
      <UnitMeasure>ליטר</UnitMeasure>
      <BisWeighted>0</BisWeighted>
      <QtyInPackage>1</QtyInPackage>
      <ItemPrice>10.90</ItemPrice>
      <UnitOfMeasurePrice>10.90</UnitOfMeasurePrice>
      <AllowDiscount>0</AllowDiscount>
      <itemStatus>1</itemStatus>
      <LastUpdateDate />
      <LastUpdateTime />
    </Product>
    <Product>
      <PriceUpdateDate>2019/12/09 14:32</PriceUpdateDate>
      <ItemCode>7290107280815</ItemCode>
      <ItemType>1</ItemType>
      <ItemName>K-301 סנו</ItemName>
      <ManufactureName>החב הדרומית לשיווק</ManufactureName>
      <ManufactureCountry />
      <ManufactureItemDescription />
      <UnitQty>י"ח</UnitQty>
      <Quantity>300</Quantity>
      <UnitMeasure>ל  מ"ל</UnitMeasure>
      <BisWeighted>0</BisWeighted>
      <QtyInPackage>1</QtyInPackage>
      <ItemPrice>16.90</ItemPrice>
      <UnitOfMeasurePrice>5.63</UnitOfMeasurePrice>
      <AllowDiscount>1</AllowDiscount>
      <itemStatus>1</itemStatus>
      <LastUpdateDate />
      <LastUpdateTime />
    </Product>
    <Product>
      <PriceUpdateDate>2016/06/08 14:50</PriceUpdateDate>
      <ItemCode>7290107280822</ItemCode>
      <ItemType>1</ItemType>
      <ItemName>ריצפז פרש  הום ספא 2ל</ItemName>
      <ManufactureName>החב הדרומית לשיווק</ManufactureName>
      <ManufactureCountry />
      <ManufactureItemDescription />
      <UnitQty>י"ח</UnitQty>
      <Quantity>1.45</Quantity>
      <UnitMeasure>ליטר</UnitMeasure>
      <BisWeighted>0</BisWeighted>
      <QtyInPackage>1</QtyInPackage>
      <ItemPrice>19.90</ItemPrice>
      <UnitOfMeasurePrice>13.72</UnitOfMeasurePrice>
      <AllowDiscount>1</AllowDiscount>
      <itemStatus>1</itemStatus>
      <LastUpdateDate />
      <LastUpdateTime />
    </Product>
    <Product>
      <PriceUpdateDate>2019/07/24 09:57</PriceUpdateDate>
      <ItemCode>7290107640145</ItemCode>
      <ItemType>1</ItemType>
      <ItemName>דאב דאו  ספריי 90ג</ItemName>
      <ManufactureName>יוניליוור ישראל שיווק בעמ</ManufactureName>
      <ManufactureCountry />
      <ManufactureItemDescription />
      <UnitQty>י"ח</UnitQty>
      <Quantity>90</Quantity>
      <UnitMeasure>ל  מ"ל</UnitMeasure>
      <BisWeighted>0</BisWeighted>
      <QtyInPackage>1</QtyInPackage>
      <ItemPrice>14.90</ItemPrice>
      <UnitOfMeasurePrice>16.56</UnitOfMeasurePrice>
      <AllowDiscount>1</AllowDiscount>
      <itemStatus>1</itemStatus>
      <LastUpdateDate />
      <LastUpdateTime />
    </Product>
    <Product>
      <PriceUpdateDate>2019/12/31 11:14</PriceUpdateDate>
      <ItemCode>7290107641906</ItemCode>
      <ItemType>1</ItemType>
      <ItemName>פינוק לגבר 3ב1 700מ"ל</ItemName>
      <ManufactureName>יוניליוור ישראל שיווק בעמ</ManufactureName>
      <ManufactureCountry />
      <ManufactureItemDescription />
      <UnitQty>י"ח</UnitQty>
      <Quantity>700</Quantity>
      <UnitMeasure>ל  מ"ל</UnitMeasure>
      <BisWeighted>0</BisWeighted>
      <QtyInPackage>1</QtyInPackage>
      <ItemPrice>11.90</ItemPrice>
      <UnitOfMeasurePrice>1.70</UnitOfMeasurePrice>
      <AllowDiscount>0</AllowDiscount>
      <itemStatus>1</itemStatus>
      <LastUpdateDate />
      <LastUpdateTime />
    </Product>
    <Product>
      <PriceUpdateDate>2018/01/10 12:52</PriceUpdateDate>
      <ItemCode>7290107644488</ItemCode>
      <ItemType>1</ItemType>
      <ItemName>בייגלה שמיניות  255ג</ItemName>
      <ManufactureName>יוניליוור ישראל שיווק בעמ</ManufactureName>
      <ManufactureCountry />
      <ManufactureItemDescription />
      <UnitQty>י"ח</UnitQty>
      <Quantity>255</Quantity>
      <UnitMeasure>ל  גרם</UnitMeasure>
      <BisWeighted>0</BisWeighted>
      <QtyInPackage>1</QtyInPackage>
      <ItemPrice>5.90</ItemPrice>
      <UnitOfMeasurePrice>2.31</UnitOfMeasurePrice>
      <AllowDiscount>0</AllowDiscount>
      <itemStatus>1</itemStatus>
      <LastUpdateDate />
      <LastUpdateTime />
    </Product>
    <Product>
      <PriceUpdateDate>2019/12/31 11:14</PriceUpdateDate>
      <ItemCode>7290107644594</ItemCode>
      <ItemType>1</ItemType>
      <ItemName>חטיף דגנים אפוי עם שוקולד מריר מעולה 1</ItemName>
      <ManufactureName>יוניליוור ישראל שיווק בעמ</ManufactureName>
      <ManufactureCountry />
      <ManufactureItemDescription />
      <UnitQty>י"ח</UnitQty>
      <Quantity>138</Quantity>
      <UnitMeasure>ל  מ"ל</UnitMeasure>
      <BisWeighted>0</BisWeighted>
      <QtyInPackage>1</QtyInPackage>
      <ItemPrice>9.90</ItemPrice>
      <UnitOfMeasurePrice>7.17</UnitOfMeasurePrice>
      <AllowDiscount>0</AllowDiscount>
      <itemStatus>1</itemStatus>
      <LastUpdateDate />
      <LastUpdateTime />
    </Product>
    <Product>
      <PriceUpdateDate>2019/12/31 11:14</PriceUpdateDate>
      <ItemCode>7290107644600</ItemCode>
      <ItemType>1</ItemType>
      <ItemName>חטיף דגנים אפוי עם שוקולד לבן מעולה 1</ItemName>
      <ManufactureName>יוניליוור ישראל שיווק בעמ</ManufactureName>
      <ManufactureCountry />
      <ManufactureItemDescription />
      <UnitQty>י"ח</UnitQty>
      <Quantity>138</Quantity>
      <UnitMeasure>ל  מ"ל</UnitMeasure>
      <BisWeighted>0</BisWeighted>
      <QtyInPackage>1</QtyInPackage>
      <ItemPrice>9.90</ItemPrice>
      <UnitOfMeasurePrice>7.17</UnitOfMeasurePrice>
      <AllowDiscount>0</AllowDiscount>
      <itemStatus>1</itemStatus>
      <LastUpdateDate />
      <LastUpdateTime />
    </Product>
    <Product>
      <PriceUpdateDate>2019/12/31 11:14</PriceUpdateDate>
      <ItemCode>7290107644617</ItemCode>
      <ItemType>1</ItemType>
      <ItemName>חטיף דגנים אפוי עם קרם טעם יוגורט</ItemName>
      <ManufactureName>יוניליוור ישראל שיווק בעמ</ManufactureName>
      <ManufactureCountry />
      <ManufactureItemDescription />
      <UnitQty>י"ח</UnitQty>
      <Quantity>138</Quantity>
      <UnitMeasure>ל  מ"ל</UnitMeasure>
      <BisWeighted>0</BisWeighted>
      <QtyInPackage>1</QtyInPackage>
      <ItemPrice>9.90</ItemPrice>
      <UnitOfMeasurePrice>7.17</UnitOfMeasurePrice>
      <AllowDiscount>0</AllowDiscount>
      <itemStatus>1</itemStatus>
      <LastUpdateDate />
      <LastUpdateTime />
    </Product>
    <Product>
      <PriceUpdateDate>2019/12/31 11:14</PriceUpdateDate>
      <ItemCode>7290107644716</ItemCode>
      <ItemType>1</ItemType>
      <ItemName>פינוק שמפו שמן קוקוס 700מ"ל</ItemName>
      <ManufactureName>יוניליוור ישראל שיווק בעמ</ManufactureName>
      <ManufactureCountry />
      <ManufactureItemDescription />
      <UnitQty>י"ח</UnitQty>
      <Quantity>700</Quantity>
      <UnitMeasure>ל  מ"ל</UnitMeasure>
      <BisWeighted>0</BisWeighted>
      <QtyInPackage>1</QtyInPackage>
      <ItemPrice>11.90</ItemPrice>
      <UnitOfMeasurePrice>1.70</UnitOfMeasurePrice>
      <AllowDiscount>0</AllowDiscount>
      <itemStatus>1</itemStatus>
      <LastUpdateDate />
      <LastUpdateTime />
    </Product>
    <Product>
      <PriceUpdateDate>2020/01/01 13:28</PriceUpdateDate>
      <ItemCode>7290107645584</ItemCode>
      <ItemType>1</ItemType>
      <ItemName>מרק עוף אמיתי 400כ ר. טבעיים.</ItemName>
      <ManufactureName>יוניליוור ישראל שיווק בעמ</ManufactureName>
      <ManufactureCountry />
      <ManufactureItemDescription />
      <UnitQty>י"ח</UnitQty>
      <Quantity>400</Quantity>
      <UnitMeasure>ל  גרם</UnitMeasure>
      <BisWeighted>0</BisWeighted>
      <QtyInPackage>1</QtyInPackage>
      <ItemPrice>21.90</ItemPrice>
      <UnitOfMeasurePrice>5.48</UnitOfMeasurePrice>
      <AllowDiscount>0</AllowDiscount>
      <itemStatus>1</itemStatus>
      <LastUpdateDate />
      <LastUpdateTime />
    </Product>
    <Product>
      <PriceUpdateDate>2020/01/01 13:28</PriceUpdateDate>
      <ItemCode>7290107646055</ItemCode>
      <ItemType>1</ItemType>
      <ItemName>מרק פטריות 400כ ר. טבעיים קנור</ItemName>
      <ManufactureName>יוניליוור ישראל שיווק בעמ</ManufactureName>
      <ManufactureCountry />
      <ManufactureItemDescription />
      <UnitQty>י"ח</UnitQty>
      <Quantity>400</Quantity>
      <UnitMeasure>ל  גרם</UnitMeasure>
      <BisWeighted>0</BisWeighted>
      <QtyInPackage>1</QtyInPackage>
      <ItemPrice>21.90</ItemPrice>
      <UnitOfMeasurePrice>5.48</UnitOfMeasurePrice>
      <AllowDiscount>0</AllowDiscount>
      <itemStatus>1</itemStatus>
      <LastUpdateDate />
      <LastUpdateTime />
    </Product>
    <Product>
      <PriceUpdateDate>2020/01/01 13:28</PriceUpdateDate>
      <ItemCode>7290107646062</ItemCode>
      <ItemType>1</ItemType>
      <ItemName>מרק בצל 400 ג קנור ר.טבעיים</ItemName>
      <ManufactureName>יוניליוור ישראל שיווק בעמ</ManufactureName>
      <ManufactureCountry />
      <ManufactureItemDescription />
      <UnitQty>י"ח</UnitQty>
      <Quantity>400</Quantity>
      <UnitMeasure>ל  גרם</UnitMeasure>
      <BisWeighted>0</BisWeighted>
      <QtyInPackage>1</QtyInPackage>
      <ItemPrice>21.90</ItemPrice>
      <UnitOfMeasurePrice>5.48</UnitOfMeasurePrice>
      <AllowDiscount>0</AllowDiscount>
      <itemStatus>1</itemStatus>
      <LastUpdateDate />
      <LastUpdateTime />
    </Product>
    <Product>
      <PriceUpdateDate>2019/12/31 11:14</PriceUpdateDate>
      <ItemCode>7290107646147</ItemCode>
      <ItemType>1</ItemType>
      <ItemName>חטיפי שוגי קורנפלקס שישייה 156גר.</ItemName>
      <ManufactureName>יוניליוור ישראל שיווק בעמ</ManufactureName>
      <ManufactureCountry />
      <ManufactureItemDescription />
      <UnitQty>י"ח</UnitQty>
      <Quantity>156</Quantity>
      <UnitMeasure>ל  גרם</UnitMeasure>
      <BisWeighted>0</BisWeighted>
      <QtyInPackage>1</QtyInPackage>
      <ItemPrice>12.90</ItemPrice>
      <UnitOfMeasurePrice>8.27</UnitOfMeasurePrice>
      <AllowDiscount>0</AllowDiscount>
      <itemStatus>1</itemStatus>
      <LastUpdateDate />
      <LastUpdateTime />
    </Product>
    <Product>
      <PriceUpdateDate>2019/12/31 11:14</PriceUpdateDate>
      <ItemCode>7290107646154</ItemCode>
      <ItemType>1</ItemType>
      <ItemName>חטיפי קוקומן פצפ. טעם שוקו שישייה 126ג</ItemName>
      <ManufactureName>יוניליוור ישראל שיווק בעמ</ManufactureName>
      <ManufactureCountry />
      <ManufactureItemDescription />
      <UnitQty>י"ח</UnitQty>
      <Quantity>156</Quantity>
      <UnitMeasure>ל  גרם</UnitMeasure>
      <BisWeighted>0</BisWeighted>
      <QtyInPackage>1</QtyInPackage>
      <ItemPrice>12.90</ItemPrice>
      <UnitOfMeasurePrice>8.27</UnitOfMeasurePrice>
      <AllowDiscount>0</AllowDiscount>
      <itemStatus>1</itemStatus>
      <LastUpdateDate />
      <LastUpdateTime />
    </Product>
    <Product>
      <PriceUpdateDate>2019/12/31 11:14</PriceUpdateDate>
      <ItemCode>7290107646826</ItemCode>
      <ItemType>1</ItemType>
      <ItemName>חטיפי דגנים פתיתי תירס בשוקולד</ItemName>
      <ManufactureName>יוניליוור ישראל שיווק בעמ</ManufactureName>
      <ManufactureCountry />
      <ManufactureItemDescription />
      <UnitQty>י"ח</UnitQty>
      <Quantity>156</Quantity>
      <UnitMeasure>ל  גרם</UnitMeasure>
      <BisWeighted>0</BisWeighted>
      <QtyInPackage>1</QtyInPackage>
      <ItemPrice>12.90</ItemPrice>
      <UnitOfMeasurePrice>8.27</UnitOfMeasurePrice>
      <AllowDiscount>0</AllowDiscount>
      <itemStatus>1</itemStatus>
      <LastUpdateDate />
      <LastUpdateTime />
    </Product>
    <Product>
      <PriceUpdateDate>2019/12/31 11:14</PriceUpdateDate>
      <ItemCode>7290107646833</ItemCode>
      <ItemType>1</ItemType>
      <ItemName>חטיפי דגנים עם פיצפוצי שוק. לבן</ItemName>
      <ManufactureName>יוניליוור ישראל שיווק בעמ</ManufactureName>
      <ManufactureCountry />
      <ManufactureItemDescription />
      <UnitQty>י"ח</UnitQty>
      <Quantity>138</Quantity>
      <UnitMeasure>ל  גרם</UnitMeasure>
      <BisWeighted>0</BisWeighted>
      <QtyInPackage>1</QtyInPackage>
      <ItemPrice>12.90</ItemPrice>
      <UnitOfMeasurePrice>9.35</UnitOfMeasurePrice>
      <AllowDiscount>0</AllowDiscount>
      <itemStatus>1</itemStatus>
      <LastUpdateDate />
      <LastUpdateTime />
    </Product>
    <Product>
      <PriceUpdateDate>2019/12/31 11:14</PriceUpdateDate>
      <ItemCode>7290107646918</ItemCode>
      <ItemType>1</ItemType>
      <ItemName>רוטב עגבניות  ופלפלים לשקשוקה 415ג</ItemName>
      <ManufactureName>יוניליוור ישראל שיווק בעמ</ManufactureName>
      <ManufactureCountry />
      <ManufactureItemDescription />
      <UnitQty>י"ח</UnitQty>
      <Quantity>415</Quantity>
      <UnitMeasure>ל  גרם</UnitMeasure>
      <BisWeighted>0</BisWeighted>
      <QtyInPackage>1</QtyInPackage>
      <ItemPrice>9.90</ItemPrice>
      <UnitOfMeasurePrice>2.39</UnitOfMeasurePrice>
      <AllowDiscount>0</AllowDiscount>
      <itemStatus>1</itemStatus>
      <LastUpdateDate />
      <LastUpdateTime />
    </Product>
    <Product>
      <PriceUpdateDate>2019/12/31 11:14</PriceUpdateDate>
      <ItemCode>7290107646925</ItemCode>
      <ItemType>1</ItemType>
      <ItemName>ברנפלקס אקסטרה פייבר ללא סוכר 410ג</ItemName>
      <ManufactureName>יוניליוור ישראל שיווק בעמ</ManufactureName>
      <ManufactureCountry />
      <ManufactureItemDescription />
      <UnitQty>י"ח</UnitQty>
      <Quantity>410</Quantity>
      <UnitMeasure>ל  גרם</UnitMeasure>
      <BisWeighted>0</BisWeighted>
      <QtyInPackage>1</QtyInPackage>
      <ItemPrice>19.90</ItemPrice>
      <UnitOfMeasurePrice>4.85</UnitOfMeasurePrice>
      <AllowDiscount>0</AllowDiscount>
      <itemStatus>1</itemStatus>
      <LastUpdateDate />
      <LastUpdateTime />
    </Product>
    <Product>
      <PriceUpdateDate>2019/12/31 11:14</PriceUpdateDate>
      <ItemCode>7290107647335</ItemCode>
      <ItemType>1</ItemType>
      <ItemName>דומסטוס ס. אסלה אושן</ItemName>
      <ManufactureName>יוניליוור ישראל שיווק בעמ</ManufactureName>
      <ManufactureCountry />
      <ManufactureItemDescription />
      <UnitQty>י"ח</UnitQty>
      <Quantity>55</Quantity>
      <UnitMeasure>ל  מ"ל</UnitMeasure>
      <BisWeighted>0</BisWeighted>
      <QtyInPackage>1</QtyInPackage>
      <ItemPrice>5.90</ItemPrice>
      <UnitOfMeasurePrice>10.73</UnitOfMeasurePrice>
      <AllowDiscount>0</AllowDiscount>
      <itemStatus>1</itemStatus>
      <LastUpdateDate />
      <LastUpdateTime />
    </Product>
    <Product>
      <PriceUpdateDate>2019/12/31 11:14</PriceUpdateDate>
      <ItemCode>7290107647724</ItemCode>
      <ItemType>1</ItemType>
      <ItemName>קוקומן חום לבן 750 מופחת סוכר</ItemName>
      <ManufactureName>יוניליוור ישראל שיווק בעמ</ManufactureName>
      <ManufactureCountry />
      <ManufactureItemDescription />
      <UnitQty>י"ח</UnitQty>
      <Quantity>750</Quantity>
      <UnitMeasure>ל  גרם</UnitMeasure>
      <BisWeighted>0</BisWeighted>
      <QtyInPackage>1</QtyInPackage>
      <ItemPrice>24.90</ItemPrice>
      <UnitOfMeasurePrice>3.32</UnitOfMeasurePrice>
      <AllowDiscount>0</AllowDiscount>
      <itemStatus>1</itemStatus>
      <LastUpdateDate />
      <LastUpdateTime />
    </Product>
    <Product>
      <PriceUpdateDate>2017/10/18 10:35</PriceUpdateDate>
      <ItemCode>7290107647731</ItemCode>
      <ItemType>1</ItemType>
      <ItemName>קוקומן חום לבן 20% פחות סוכר 375 גרם ב</ItemName>
      <ManufactureName>יוניליוור ישראל שיווק בעמ</ManufactureName>
      <ManufactureCountry />
      <ManufactureItemDescription />
      <UnitQty>י"ח</UnitQty>
      <Quantity>375</Quantity>
      <UnitMeasure>ל  גרם</UnitMeasure>
      <BisWeighted>0</BisWeighted>
      <QtyInPackage>1</QtyInPackage>
      <ItemPrice>19.90</ItemPrice>
      <UnitOfMeasurePrice>5.31</UnitOfMeasurePrice>
      <AllowDiscount>0</AllowDiscount>
      <itemStatus>1</itemStatus>
      <LastUpdateDate />
      <LastUpdateTime />
    </Product>
    <Product>
      <PriceUpdateDate>2018/01/02 11:40</PriceUpdateDate>
      <ItemCode>7290107647748</ItemCode>
      <ItemType>1</ItemType>
      <ItemName>שוגי פיצי בד"צ 500 ג</ItemName>
      <ManufactureName>יוניליוור ישראל שיווק בעמ</ManufactureName>
      <ManufactureCountry />
      <ManufactureItemDescription />
      <UnitQty>י"ח</UnitQty>
      <Quantity>500</Quantity>
      <UnitMeasure>ל  גרם</UnitMeasure>
      <BisWeighted>0</BisWeighted>
      <QtyInPackage>1</QtyInPackage>
      <ItemPrice>19.90</ItemPrice>
      <UnitOfMeasurePrice>3.98</UnitOfMeasurePrice>
      <AllowDiscount>0</AllowDiscount>
      <itemStatus>1</itemStatus>
      <LastUpdateDate />
      <LastUpdateTime />
    </Product>
    <Product>
      <PriceUpdateDate>2019/12/31 11:14</PriceUpdateDate>
      <ItemCode>7290107647816</ItemCode>
      <ItemType>1</ItemType>
      <ItemName>~ברנפלקס ללא תוספות 500גרם</ItemName>
      <ManufactureName>יוניליוור ישראל שיווק בעמ</ManufactureName>
      <ManufactureCountry />
      <ManufactureItemDescription />
      <UnitQty>י"ח</UnitQty>
      <Quantity>500</Quantity>
      <UnitMeasure>ל  גרם</UnitMeasure>
      <BisWeighted>0</BisWeighted>
      <QtyInPackage>1</QtyInPackage>
      <ItemPrice>19.90</ItemPrice>
      <UnitOfMeasurePrice>3.98</UnitOfMeasurePrice>
      <AllowDiscount>0</AllowDiscount>
      <itemStatus>1</itemStatus>
      <LastUpdateDate />
      <LastUpdateTime />
    </Product>
    <Product>
      <PriceUpdateDate>2018/05/24 10:58</PriceUpdateDate>
      <ItemCode>7290107648943</ItemCode>
      <ItemType>1</ItemType>
      <ItemName>ברנפלקס קראנצים קמייפל 375ג</ItemName>
      <ManufactureName>יוניליוור ישראל שיווק בעמ</ManufactureName>
      <ManufactureCountry />
      <ManufactureItemDescription />
      <UnitQty>י"ח</UnitQty>
      <Quantity>400</Quantity>
      <UnitMeasure>ל  גרם</UnitMeasure>
      <BisWeighted>0</BisWeighted>
      <QtyInPackage>1</QtyInPackage>
      <ItemPrice>22</ItemPrice>
      <UnitOfMeasurePrice>5.50</UnitOfMeasurePrice>
      <AllowDiscount>0</AllowDiscount>
      <itemStatus>1</itemStatus>
      <LastUpdateDate />
      <LastUpdateTime />
    </Product>
    <Product>
      <PriceUpdateDate>2018/12/10 08:57</PriceUpdateDate>
      <ItemCode>7290107649094</ItemCode>
      <ItemType>1</ItemType>
      <ItemName>בייגל ביג-ביג מקלות ארוכים עם שומשום 1</ItemName>
      <ManufactureName>יוניליוור ישראל שיווק בעמ</ManufactureName>
      <ManufactureCountry />
      <ManufactureItemDescription />
      <UnitQty>י"ח</UnitQty>
      <Quantity>150</Quantity>
      <UnitMeasure>ל  גרם</UnitMeasure>
      <BisWeighted>0</BisWeighted>
      <QtyInPackage>1</QtyInPackage>
      <ItemPrice>6.10</ItemPrice>
      <UnitOfMeasurePrice>4.07</UnitOfMeasurePrice>
      <AllowDiscount>0</AllowDiscount>
      <itemStatus>1</itemStatus>
      <LastUpdateDate />
      <LastUpdateTime />
    </Product>
    <Product>
      <PriceUpdateDate>2019/08/04 09:15</PriceUpdateDate>
      <ItemCode>7290107649698</ItemCode>
      <ItemType>1</ItemType>
      <ItemName>מגנום לבן עוגיות</ItemName>
      <ManufactureName>גלידות שטראוס בעמ</ManufactureName>
      <ManufactureCountry />
      <ManufactureItemDescription />
      <UnitQty>י"ח</UnitQty>
      <Quantity>85</Quantity>
      <UnitMeasure>ל  גרם</UnitMeasure>
      <BisWeighted>0</BisWeighted>
      <QtyInPackage>1</QtyInPackage>
      <ItemPrice>10</ItemPrice>
      <UnitOfMeasurePrice>11.76</UnitOfMeasurePrice>
      <AllowDiscount>1</AllowDiscount>
      <itemStatus>1</itemStatus>
      <LastUpdateDate />
      <LastUpdateTime />
    </Product>
    <Product>
      <PriceUpdateDate>2019/04/01 12:23</PriceUpdateDate>
      <ItemCode>7290107649728</ItemCode>
      <ItemType>1</ItemType>
      <ItemName>גלידה פרווה  2ל.</ItemName>
      <ManufactureName>גלידות שטראוס בעמ</ManufactureName>
      <ManufactureCountry />
      <ManufactureItemDescription />
      <UnitQty>י"ח</UnitQty>
      <Quantity>2</Quantity>
      <UnitMeasure>ליטר</UnitMeasure>
      <BisWeighted>0</BisWeighted>
      <QtyInPackage>1</QtyInPackage>
      <ItemPrice>25.90</ItemPrice>
      <UnitOfMeasurePrice>12.95</UnitOfMeasurePrice>
      <AllowDiscount>0</AllowDiscount>
      <itemStatus>1</itemStatus>
      <LastUpdateDate />
      <LastUpdateTime />
    </Product>
    <Product>
      <PriceUpdateDate>2019/04/30 11:43</PriceUpdateDate>
      <ItemCode>7290107649834</ItemCode>
      <ItemType>1</ItemType>
      <ItemName>מאגדת מיני פסק זמן 350מ"ל</ItemName>
      <ManufactureName>גלידות שטראוס בעמ</ManufactureName>
      <ManufactureCountry />
      <ManufactureItemDescription />
      <UnitQty>י"ח</UnitQty>
      <Quantity>350</Quantity>
      <UnitMeasure>ל  גרם</UnitMeasure>
      <BisWeighted>0</BisWeighted>
      <QtyInPackage>1</QtyInPackage>
      <ItemPrice>27.90</ItemPrice>
      <UnitOfMeasurePrice>7.97</UnitOfMeasurePrice>
      <AllowDiscount>0</AllowDiscount>
      <itemStatus>1</itemStatus>
      <LastUpdateDate />
      <LastUpdateTime />
    </Product>
    <Product>
      <PriceUpdateDate>2019/01/13 12:54</PriceUpdateDate>
      <ItemCode>7290107871532</ItemCode>
      <ItemType>1</ItemType>
      <ItemName>מארז ארטיק קרח דובדבן מלון</ItemName>
      <ManufactureName>נגה גלידות</ManufactureName>
      <ManufactureCountry />
      <ManufactureItemDescription />
      <UnitQty>י"ח</UnitQty>
      <Quantity>800</Quantity>
      <UnitMeasure>ל  גרם</UnitMeasure>
      <BisWeighted>0</BisWeighted>
      <QtyInPackage>1</QtyInPackage>
      <ItemPrice>16.90</ItemPrice>
      <UnitOfMeasurePrice>2.11</UnitOfMeasurePrice>
      <AllowDiscount>1</AllowDiscount>
      <itemStatus>1</itemStatus>
      <LastUpdateDate />
      <LastUpdateTime />
    </Product>
    <Product>
      <PriceUpdateDate>2019/02/11 11:51</PriceUpdateDate>
      <ItemCode>7290107871990</ItemCode>
      <ItemType>1</ItemType>
      <ItemName>פסטה אסם צינורות</ItemName>
      <ManufactureName>קבוצת אוסם סחר-שות.מוגבלת</ManufactureName>
      <ManufactureCountry />
      <ManufactureItemDescription />
      <UnitQty>י"ח</UnitQty>
      <Quantity>500</Quantity>
      <UnitMeasure>ל  גרם</UnitMeasure>
      <BisWeighted>0</BisWeighted>
      <QtyInPackage>1</QtyInPackage>
      <ItemPrice>5.90</ItemPrice>
      <UnitOfMeasurePrice>1.18</UnitOfMeasurePrice>
      <AllowDiscount>0</AllowDiscount>
      <itemStatus>1</itemStatus>
      <LastUpdateDate />
      <LastUpdateTime />
    </Product>
    <Product>
      <PriceUpdateDate>2015/01/11 14:07</PriceUpdateDate>
      <ItemCode>7290107874427</ItemCode>
      <ItemType>1</ItemType>
      <ItemName>פריכונים מיני צתר 25ג</ItemName>
      <ManufactureName>קבוצת אוסם סחר-שות.מוגבלת</ManufactureName>
      <ManufactureCountry />
      <ManufactureItemDescription />
      <UnitQty>י"ח</UnitQty>
      <Quantity>25</Quantity>
      <UnitMeasure>ל  גרם</UnitMeasure>
      <BisWeighted>0</BisWeighted>
      <QtyInPackage>1</QtyInPackage>
      <ItemPrice>4</ItemPrice>
      <UnitOfMeasurePrice>16</UnitOfMeasurePrice>
      <AllowDiscount>0</AllowDiscount>
      <itemStatus>1</itemStatus>
      <LastUpdateDate />
      <LastUpdateTime />
    </Product>
    <Product>
      <PriceUpdateDate>2015/01/11 14:07</PriceUpdateDate>
      <ItemCode>7290107874441</ItemCode>
      <ItemType>1</ItemType>
      <ItemName>פריכונים מיני בצל מקורמל 25ג</ItemName>
      <ManufactureName>קבוצת אוסם סחר-שות.מוגבלת</ManufactureName>
      <ManufactureCountry />
      <ManufactureItemDescription />
      <UnitQty>י"ח</UnitQty>
      <Quantity>25</Quantity>
      <UnitMeasure>ל  גרם</UnitMeasure>
      <BisWeighted>0</BisWeighted>
      <QtyInPackage>1</QtyInPackage>
      <ItemPrice>4</ItemPrice>
      <UnitOfMeasurePrice>16</UnitOfMeasurePrice>
      <AllowDiscount>0</AllowDiscount>
      <itemStatus>1</itemStatus>
      <LastUpdateDate />
      <LastUpdateTime />
    </Product>
    <Product>
      <PriceUpdateDate>2019/05/14 09:27</PriceUpdateDate>
      <ItemCode>7290107874502</ItemCode>
      <ItemType>1</ItemType>
      <ItemName>ביסלי גריל מארז אחיד 4*55גר</ItemName>
      <ManufactureName>קבוצת אוסם סחר-שות.מוגבלת</ManufactureName>
      <ManufactureCountry />
      <ManufactureItemDescription />
      <UnitQty>י"ח</UnitQty>
      <Quantity>210</Quantity>
      <UnitMeasure>ל  גרם</UnitMeasure>
      <BisWeighted>0</BisWeighted>
      <QtyInPackage>1</QtyInPackage>
      <ItemPrice>11.90</ItemPrice>
      <UnitOfMeasurePrice>5.67</UnitOfMeasurePrice>
      <AllowDiscount>0</AllowDiscount>
      <itemStatus>1</itemStatus>
      <LastUpdateDate />
      <LastUpdateTime />
    </Product>
    <Product>
      <PriceUpdateDate>2018/12/05 13:16</PriceUpdateDate>
      <ItemCode>7290107876711</ItemCode>
      <ItemType>1</ItemType>
      <ItemName>עוגת שמרים טעם ריבת חלב 340גרם</ItemName>
      <ManufactureName>קבוצת אוסם סחר-שות.מוגבלת</ManufactureName>
      <ManufactureCountry />
      <ManufactureItemDescription />
      <UnitQty>י"ח</UnitQty>
      <Quantity>350</Quantity>
      <UnitMeasure>ל  גרם</UnitMeasure>
      <BisWeighted>0</BisWeighted>
      <QtyInPackage>1</QtyInPackage>
      <ItemPrice>16.90</ItemPrice>
      <UnitOfMeasurePrice>4.83</UnitOfMeasurePrice>
      <AllowDiscount>0</AllowDiscount>
      <itemStatus>1</itemStatus>
      <LastUpdateDate />
      <LastUpdateTime />
    </Product>
    <Product>
      <PriceUpdateDate>2016/04/14 10:36</PriceUpdateDate>
      <ItemCode>7290107877619</ItemCode>
      <ItemType>1</ItemType>
      <ItemName>במבה  נוגט מארז 30גרם *5יח</ItemName>
      <ManufactureName>קבוצת אוסם סחר-שות.מוגבלת</ManufactureName>
      <ManufactureCountry />
      <ManufactureItemDescription />
      <UnitQty>י"ח</UnitQty>
      <Quantity>150</Quantity>
      <UnitMeasure>ל  גרם</UnitMeasure>
      <BisWeighted>0</BisWeighted>
      <QtyInPackage>1</QtyInPackage>
      <ItemPrice>13.90</ItemPrice>
      <UnitOfMeasurePrice>9.27</UnitOfMeasurePrice>
      <AllowDiscount>0</AllowDiscount>
      <itemStatus>1</itemStatus>
      <LastUpdateDate />
      <LastUpdateTime />
    </Product>
    <Product>
      <PriceUpdateDate>2016/12/14 17:02</PriceUpdateDate>
      <ItemCode>7290107879132</ItemCode>
      <ItemType>1</ItemType>
      <ItemName>פיטנס מיני פריכיות שוקולד חלב 22גר</ItemName>
      <ManufactureName>קבוצת אוסם סחר-שות.מוגבלת</ManufactureName>
      <ManufactureCountry />
      <ManufactureItemDescription />
      <UnitQty>י"ח</UnitQty>
      <Quantity>100</Quantity>
      <UnitMeasure>ל  גרם</UnitMeasure>
      <BisWeighted>0</BisWeighted>
      <QtyInPackage>1</QtyInPackage>
      <ItemPrice>5.20</ItemPrice>
      <UnitOfMeasurePrice>5.20</UnitOfMeasurePrice>
      <AllowDiscount>0</AllowDiscount>
      <itemStatus>1</itemStatus>
      <LastUpdateDate />
      <LastUpdateTime />
    </Product>
    <Product>
      <PriceUpdateDate>2018/07/16 15:37</PriceUpdateDate>
      <ItemCode>7290107931397</ItemCode>
      <ItemType>1</ItemType>
      <ItemName>כיף כף פיצפוצים 40גר</ItemName>
      <ManufactureName>שטראוס גרופ בעמ</ManufactureName>
      <ManufactureCountry />
      <ManufactureItemDescription />
      <UnitQty>י"ח</UnitQty>
      <Quantity>40</Quantity>
      <UnitMeasure>ל  גרם</UnitMeasure>
      <BisWeighted>0</BisWeighted>
      <QtyInPackage>1</QtyInPackage>
      <ItemPrice>5</ItemPrice>
      <UnitOfMeasurePrice>12.50</UnitOfMeasurePrice>
      <AllowDiscount>0</AllowDiscount>
      <itemStatus>1</itemStatus>
      <LastUpdateDate />
      <LastUpdateTime />
    </Product>
    <Product>
      <PriceUpdateDate>2016/01/05 18:25</PriceUpdateDate>
      <ItemCode>7290107932134</ItemCode>
      <ItemType>1</ItemType>
      <ItemName>חלב מועשר 1% בקבוק 1ליטר</ItemName>
      <ManufactureName>שטראוס גרופ ***בעמ</ManufactureName>
      <ManufactureCountry />
      <ManufactureItemDescription />
      <UnitQty>י"ח</UnitQty>
      <Quantity>1</Quantity>
      <UnitMeasure>ליטר</UnitMeasure>
      <BisWeighted>0</BisWeighted>
      <QtyInPackage>1</QtyInPackage>
      <ItemPrice>7.50</ItemPrice>
      <UnitOfMeasurePrice>7.50</UnitOfMeasurePrice>
      <AllowDiscount>0</AllowDiscount>
      <itemStatus>1</itemStatus>
      <LastUpdateDate />
      <LastUpdateTime />
    </Product>
    <Product>
      <PriceUpdateDate>2016/01/05 18:25</PriceUpdateDate>
      <ItemCode>7290107933315</ItemCode>
      <ItemType>1</ItemType>
      <ItemName>חלב דל לקטוז 2% בקבוק 1ליטר</ItemName>
      <ManufactureName>שטראוס גרופ ***בעמ</ManufactureName>
      <ManufactureCountry />
      <ManufactureItemDescription />
      <UnitQty>י"ח</UnitQty>
      <Quantity>1</Quantity>
      <UnitMeasure>ליטר</UnitMeasure>
      <BisWeighted>0</BisWeighted>
      <QtyInPackage>1</QtyInPackage>
      <ItemPrice>7.50</ItemPrice>
      <UnitOfMeasurePrice>7.50</UnitOfMeasurePrice>
      <AllowDiscount>0</AllowDiscount>
      <itemStatus>1</itemStatus>
      <LastUpdateDate />
      <LastUpdateTime />
    </Product>
    <Product>
      <PriceUpdateDate>2016/05/09 14:23</PriceUpdateDate>
      <ItemCode>7290107933643</ItemCode>
      <ItemType>1</ItemType>
      <ItemName>משקה חלב עם דגנים ותות 250גר</ItemName>
      <ManufactureName>שטראוס גרופ ***בעמ</ManufactureName>
      <ManufactureCountry />
      <ManufactureItemDescription />
      <UnitQty>י"ח</UnitQty>
      <Quantity>250</Quantity>
      <UnitMeasure>ל  גרם</UnitMeasure>
      <BisWeighted>0</BisWeighted>
      <QtyInPackage>1</QtyInPackage>
      <ItemPrice>4.90</ItemPrice>
      <UnitOfMeasurePrice>1.96</UnitOfMeasurePrice>
      <AllowDiscount>0</AllowDiscount>
      <itemStatus>1</itemStatus>
      <LastUpdateDate />
      <LastUpdateTime />
    </Product>
    <Product>
      <PriceUpdateDate>2016/05/09 14:25</PriceUpdateDate>
      <ItemCode>7290107933650</ItemCode>
      <ItemType>1</ItemType>
      <ItemName>משקה חלב עם דגנים ובננה 250גר</ItemName>
      <ManufactureName>שטראוס גרופ ***בעמ</ManufactureName>
      <ManufactureCountry />
      <ManufactureItemDescription />
      <UnitQty>י"ח</UnitQty>
      <Quantity>250</Quantity>
      <UnitMeasure>ל  גרם</UnitMeasure>
      <BisWeighted>0</BisWeighted>
      <QtyInPackage>1</QtyInPackage>
      <ItemPrice>4.90</ItemPrice>
      <UnitOfMeasurePrice>1.96</UnitOfMeasurePrice>
      <AllowDiscount>0</AllowDiscount>
      <itemStatus>1</itemStatus>
      <LastUpdateDate />
      <LastUpdateTime />
    </Product>
    <Product>
      <PriceUpdateDate>2015/10/25 11:52</PriceUpdateDate>
      <ItemCode>7290107934473</ItemCode>
      <ItemType>1</ItemType>
      <ItemName>מארז אקטיביה שמינייה 1.5% 1.2ליטר</ItemName>
      <ManufactureName>שטראוס גרופ ***בעמ</ManufactureName>
      <ManufactureCountry />
      <ManufactureItemDescription />
      <UnitQty>י"ח</UnitQty>
      <Quantity>1.20</Quantity>
      <UnitMeasure>ליטר</UnitMeasure>
      <BisWeighted>0</BisWeighted>
      <QtyInPackage>1</QtyInPackage>
      <ItemPrice>20.90</ItemPrice>
      <UnitOfMeasurePrice>17.42</UnitOfMeasurePrice>
      <AllowDiscount>1</AllowDiscount>
      <itemStatus>1</itemStatus>
      <LastUpdateDate />
      <LastUpdateTime />
    </Product>
    <Product>
      <PriceUpdateDate>2016/12/27 14:39</PriceUpdateDate>
      <ItemCode>7290107936309</ItemCode>
      <ItemType>1</ItemType>
      <ItemName>דנונה יווני לבן 130גר.</ItemName>
      <ManufactureName>שטראוס גרופ ***בעמ</ManufactureName>
      <ManufactureCountry />
      <ManufactureItemDescription />
      <UnitQty>י"ח</UnitQty>
      <Quantity>130</Quantity>
      <UnitMeasure>ל  גרם</UnitMeasure>
      <BisWeighted>0</BisWeighted>
      <QtyInPackage>1</QtyInPackage>
      <ItemPrice>3.50</ItemPrice>
      <UnitOfMeasurePrice>2.69</UnitOfMeasurePrice>
      <AllowDiscount>0</AllowDiscount>
      <itemStatus>1</itemStatus>
      <LastUpdateDate />
      <LastUpdateTime />
    </Product>
    <Product>
      <PriceUpdateDate>2020/03/29 15:17</PriceUpdateDate>
      <ItemCode>7290107936965</ItemCode>
      <ItemType>1</ItemType>
      <ItemName>עיגולים  שוקולד עד חצות</ItemName>
      <ManufactureName>שטראוס גרופ בעמ</ManufactureName>
      <ManufactureCountry />
      <ManufactureItemDescription />
      <UnitQty>י"ח</UnitQty>
      <Quantity>66</Quantity>
      <UnitMeasure>ל  גרם</UnitMeasure>
      <BisWeighted>0</BisWeighted>
      <QtyInPackage>1</QtyInPackage>
      <ItemPrice>11.90</ItemPrice>
      <UnitOfMeasurePrice>18.03</UnitOfMeasurePrice>
      <AllowDiscount>0</AllowDiscount>
      <itemStatus>1</itemStatus>
      <LastUpdateDate />
      <LastUpdateTime />
    </Product>
    <Product>
      <PriceUpdateDate>2016/06/16 15:38</PriceUpdateDate>
      <ItemCode>7290107937542</ItemCode>
      <ItemType>1</ItemType>
      <ItemName>משקה אקטיביה תות 1.2%</ItemName>
      <ManufactureName>שטראוס גרופ ***בעמ</ManufactureName>
      <ManufactureCountry />
      <ManufactureItemDescription />
      <UnitQty>י"ח</UnitQty>
      <Quantity>250</Quantity>
      <UnitMeasure>ל  מ"ל</UnitMeasure>
      <BisWeighted>0</BisWeighted>
      <QtyInPackage>1</QtyInPackage>
      <ItemPrice>5</ItemPrice>
      <UnitOfMeasurePrice>2</UnitOfMeasurePrice>
      <AllowDiscount>0</AllowDiscount>
      <itemStatus>1</itemStatus>
      <LastUpdateDate />
      <LastUpdateTime />
    </Product>
    <Product>
      <PriceUpdateDate>2016/12/20 11:30</PriceUpdateDate>
      <ItemCode>7290107937634</ItemCode>
      <ItemType>1</ItemType>
      <ItemName>מסטיק מאסט קוביות פפירמינט  58ג.</ItemName>
      <ManufactureName>שטראוס גרופ בעמ</ManufactureName>
      <ManufactureCountry />
      <ManufactureItemDescription />
      <UnitQty>י"ח</UnitQty>
      <Quantity>66</Quantity>
      <UnitMeasure>ל  גרם</UnitMeasure>
      <BisWeighted>0</BisWeighted>
      <QtyInPackage>1</QtyInPackage>
      <ItemPrice>9.80</ItemPrice>
      <UnitOfMeasurePrice>14.85</UnitOfMeasurePrice>
      <AllowDiscount>1</AllowDiscount>
      <itemStatus>1</itemStatus>
      <LastUpdateDate />
      <LastUpdateTime />
    </Product>
    <Product>
      <PriceUpdateDate>2016/12/20 11:36</PriceUpdateDate>
      <ItemCode>7290107937641</ItemCode>
      <ItemType>1</ItemType>
      <ItemName>מסטיק מאסט בזוקה 58ג</ItemName>
      <ManufactureName>שטראוס גרופ בעמ</ManufactureName>
      <ManufactureCountry />
      <ManufactureItemDescription />
      <UnitQty>י"ח</UnitQty>
      <Quantity>66</Quantity>
      <UnitMeasure>ל  גרם</UnitMeasure>
      <BisWeighted>0</BisWeighted>
      <QtyInPackage>1</QtyInPackage>
      <ItemPrice>9.80</ItemPrice>
      <UnitOfMeasurePrice>14.85</UnitOfMeasurePrice>
      <AllowDiscount>1</AllowDiscount>
      <itemStatus>1</itemStatus>
      <LastUpdateDate />
      <LastUpdateTime />
    </Product>
    <Product>
      <PriceUpdateDate>2019/01/09 16:09</PriceUpdateDate>
      <ItemCode>7290107937856</ItemCode>
      <ItemType>1</ItemType>
      <ItemName>קפסולות אספרסו מס11 למכונות נספרסו 50ג</ItemName>
      <ManufactureName>שטראוס גרופ בעמ</ManufactureName>
      <ManufactureCountry />
      <ManufactureItemDescription />
      <UnitQty>י"ח</UnitQty>
      <Quantity>50</Quantity>
      <UnitMeasure>ל  גרם</UnitMeasure>
      <BisWeighted>0</BisWeighted>
      <QtyInPackage>1</QtyInPackage>
      <ItemPrice>17.90</ItemPrice>
      <UnitOfMeasurePrice>35.80</UnitOfMeasurePrice>
      <AllowDiscount>1</AllowDiscount>
      <itemStatus>1</itemStatus>
      <LastUpdateDate />
      <LastUpdateTime />
    </Product>
    <Product>
      <PriceUpdateDate>2020/02/19 02:06</PriceUpdateDate>
      <ItemCode>7290107938396</ItemCode>
      <ItemType>1</ItemType>
      <ItemName>אקטימל שמיניה תות בנים</ItemName>
      <ManufactureName>שטראוס גרופ ***בעמ</ManufactureName>
      <ManufactureCountry />
      <ManufactureItemDescription />
      <UnitQty>י"ח</UnitQty>
      <Quantity>800</Quantity>
      <UnitMeasure>ל  מ"ל</UnitMeasure>
      <BisWeighted>0</BisWeighted>
      <QtyInPackage>1</QtyInPackage>
      <ItemPrice>20.90</ItemPrice>
      <UnitOfMeasurePrice>2.61</UnitOfMeasurePrice>
      <AllowDiscount>1</AllowDiscount>
      <itemStatus>1</itemStatus>
      <LastUpdateDate />
      <LastUpdateTime />
    </Product>
    <Product>
      <PriceUpdateDate>2018/12/30 10:44</PriceUpdateDate>
      <ItemCode>7290107938884</ItemCode>
      <ItemType>1</ItemType>
      <ItemName>סלט חציל על האש 500גר</ItemName>
      <ManufactureName>שטראוס גרופ ***בעמ</ManufactureName>
      <ManufactureCountry />
      <ManufactureItemDescription />
      <UnitQty>י"ח</UnitQty>
      <Quantity>600</Quantity>
      <UnitMeasure>ל  גרם</UnitMeasure>
      <BisWeighted>0</BisWeighted>
      <QtyInPackage>1</QtyInPackage>
      <ItemPrice>15.50</ItemPrice>
      <UnitOfMeasurePrice>2.58</UnitOfMeasurePrice>
      <AllowDiscount>0</AllowDiscount>
      <itemStatus>1</itemStatus>
      <LastUpdateDate />
      <LastUpdateTime />
    </Product>
    <Product>
      <PriceUpdateDate>2017/01/19 10:13</PriceUpdateDate>
      <ItemCode>7290107939959</ItemCode>
      <ItemType>1</ItemType>
      <ItemName>דנונה פרו טריפל זירו תות 0%  150גר</ItemName>
      <ManufactureName>שטראוס גרופ ***בעמ</ManufactureName>
      <ManufactureCountry />
      <ManufactureItemDescription />
      <UnitQty>י"ח</UnitQty>
      <Quantity>150</Quantity>
      <UnitMeasure>ל  מ"ל</UnitMeasure>
      <BisWeighted>0</BisWeighted>
      <QtyInPackage>1</QtyInPackage>
      <ItemPrice>4.60</ItemPrice>
      <UnitOfMeasurePrice>3.07</UnitOfMeasurePrice>
      <AllowDiscount>0</AllowDiscount>
      <itemStatus>1</itemStatus>
      <LastUpdateDate />
      <LastUpdateTime />
    </Product>
    <Product>
      <PriceUpdateDate>2018/04/22 15:35</PriceUpdateDate>
      <ItemCode>7290107940030</ItemCode>
      <ItemType>1</ItemType>
      <ItemName>חומוס אחלה 650גר שטראוס</ItemName>
      <ManufactureName>שטראוס גרופ ***בעמ</ManufactureName>
      <ManufactureCountry />
      <ManufactureItemDescription />
      <UnitQty>י"ח</UnitQty>
      <Quantity>500</Quantity>
      <UnitMeasure>ל  גרם</UnitMeasure>
      <BisWeighted>0</BisWeighted>
      <QtyInPackage>1</QtyInPackage>
      <ItemPrice>9.90</ItemPrice>
      <UnitOfMeasurePrice>1.98</UnitOfMeasurePrice>
      <AllowDiscount>1</AllowDiscount>
      <itemStatus>1</itemStatus>
      <LastUpdateDate />
      <LastUpdateTime />
    </Product>
    <Product>
      <PriceUpdateDate>2016/08/11 17:23</PriceUpdateDate>
      <ItemCode>7290107940467</ItemCode>
      <ItemType>1</ItemType>
      <ItemName>אקטיביה 200גר  1.5%</ItemName>
      <ManufactureName>שטראוס גרופ ***בעמ</ManufactureName>
      <ManufactureCountry />
      <ManufactureItemDescription />
      <UnitQty>י"ח</UnitQty>
      <Quantity>200</Quantity>
      <UnitMeasure>ל  גרם</UnitMeasure>
      <BisWeighted>0</BisWeighted>
      <QtyInPackage>1</QtyInPackage>
      <ItemPrice>3.80</ItemPrice>
      <UnitOfMeasurePrice>1.90</UnitOfMeasurePrice>
      <AllowDiscount>0</AllowDiscount>
      <itemStatus>1</itemStatus>
      <LastUpdateDate />
      <LastUpdateTime />
    </Product>
    <Product>
      <PriceUpdateDate>2018/02/08 16:01</PriceUpdateDate>
      <ItemCode>7290107942232</ItemCode>
      <ItemType>1</ItemType>
      <ItemName>מעדן עם שוקולד חלב ספלנדיד 130גר</ItemName>
      <ManufactureName>שטראוס גרופ ***בעמ</ManufactureName>
      <ManufactureCountry />
      <ManufactureItemDescription />
      <UnitQty>י"ח</UnitQty>
      <Quantity>130</Quantity>
      <UnitMeasure>ל  גרם</UnitMeasure>
      <BisWeighted>0</BisWeighted>
      <QtyInPackage>1</QtyInPackage>
      <ItemPrice>3.50</ItemPrice>
      <UnitOfMeasurePrice>2.69</UnitOfMeasurePrice>
      <AllowDiscount>0</AllowDiscount>
      <itemStatus>1</itemStatus>
      <LastUpdateDate />
      <LastUpdateTime />
    </Product>
    <Product>
      <PriceUpdateDate>2016/12/27 14:25</PriceUpdateDate>
      <ItemCode>7290107942249</ItemCode>
      <ItemType>1</ItemType>
      <ItemName>מעדן עם שוקולד לבן ספלנדיד 130גר</ItemName>
      <ManufactureName>שטראוס גרופ ***בעמ</ManufactureName>
      <ManufactureCountry />
      <ManufactureItemDescription />
      <UnitQty>י"ח</UnitQty>
      <Quantity>130</Quantity>
      <UnitMeasure>ל  גרם</UnitMeasure>
      <BisWeighted>0</BisWeighted>
      <QtyInPackage>1</QtyInPackage>
      <ItemPrice>3.50</ItemPrice>
      <UnitOfMeasurePrice>2.69</UnitOfMeasurePrice>
      <AllowDiscount>0</AllowDiscount>
      <itemStatus>1</itemStatus>
      <LastUpdateDate />
      <LastUpdateTime />
    </Product>
    <Product>
      <PriceUpdateDate>2017/05/03 11:48</PriceUpdateDate>
      <ItemCode>7290107942324</ItemCode>
      <ItemType>1</ItemType>
      <ItemName>מילקי שוקולד עשיר  133ג</ItemName>
      <ManufactureName>שטראוס גרופ ***בעמ</ManufactureName>
      <ManufactureCountry />
      <ManufactureItemDescription />
      <UnitQty>י"ח</UnitQty>
      <Quantity>111</Quantity>
      <UnitMeasure>ל  גרם</UnitMeasure>
      <BisWeighted>0</BisWeighted>
      <QtyInPackage>1</QtyInPackage>
      <ItemPrice>3.80</ItemPrice>
      <UnitOfMeasurePrice>3.42</UnitOfMeasurePrice>
      <AllowDiscount>0</AllowDiscount>
      <itemStatus>1</itemStatus>
      <LastUpdateDate />
      <LastUpdateTime />
    </Product>
    <Product>
      <PriceUpdateDate>2017/06/18 13:11</PriceUpdateDate>
      <ItemCode>7290107942447</ItemCode>
      <ItemType>1</ItemType>
      <ItemName>ממרח פסק זמן מגדים 350גר</ItemName>
      <ManufactureName>שטראוס גרופ בעמ</ManufactureName>
      <ManufactureCountry />
      <ManufactureItemDescription />
      <UnitQty>י"ח</UnitQty>
      <Quantity>350</Quantity>
      <UnitMeasure>ל  גרם</UnitMeasure>
      <BisWeighted>0</BisWeighted>
      <QtyInPackage>1</QtyInPackage>
      <ItemPrice>12.90</ItemPrice>
      <UnitOfMeasurePrice>3.69</UnitOfMeasurePrice>
      <AllowDiscount>0</AllowDiscount>
      <itemStatus>1</itemStatus>
      <LastUpdateDate />
      <LastUpdateTime />
    </Product>
    <Product>
      <PriceUpdateDate>2017/11/08 11:38</PriceUpdateDate>
      <ItemCode>7290107943192</ItemCode>
      <ItemType>1</ItemType>
      <ItemName>שמנת חמוצה מהערבה יוטבתה 200מ"ל 27%</ItemName>
      <ManufactureName>שטראוס גרופ ***בעמ</ManufactureName>
      <ManufactureCountry />
      <ManufactureItemDescription />
      <UnitQty>י"ח</UnitQty>
      <Quantity>200</Quantity>
      <UnitMeasure>ל  מ"ל</UnitMeasure>
      <BisWeighted>0</BisWeighted>
      <QtyInPackage>1</QtyInPackage>
      <ItemPrice>4.20</ItemPrice>
      <UnitOfMeasurePrice>2.10</UnitOfMeasurePrice>
      <AllowDiscount>0</AllowDiscount>
      <itemStatus>1</itemStatus>
      <LastUpdateDate />
      <LastUpdateTime />
    </Product>
    <Product>
      <PriceUpdateDate>2017/10/03 13:45</PriceUpdateDate>
      <ItemCode>7290107943550</ItemCode>
      <ItemType>1</ItemType>
      <ItemName>עוגיות שוקולדצ`יפס שחור לבן 180גר</ItemName>
      <ManufactureName>שטראוס גרופ בעמ</ManufactureName>
      <ManufactureCountry />
      <ManufactureItemDescription />
      <UnitQty>י"ח</UnitQty>
      <Quantity>180</Quantity>
      <UnitMeasure>ל  גרם</UnitMeasure>
      <BisWeighted>0</BisWeighted>
      <QtyInPackage>1</QtyInPackage>
      <ItemPrice>9.90</ItemPrice>
      <UnitOfMeasurePrice>5.50</UnitOfMeasurePrice>
      <AllowDiscount>1</AllowDiscount>
      <itemStatus>1</itemStatus>
      <LastUpdateDate />
      <LastUpdateTime />
    </Product>
    <Product>
      <PriceUpdateDate>2018/07/16 15:42</PriceUpdateDate>
      <ItemCode>7290107944380</ItemCode>
      <ItemType>1</ItemType>
      <ItemName>אגוזי כשל"פ 45גר</ItemName>
      <ManufactureName>שטראוס גרופ בעמ</ManufactureName>
      <ManufactureCountry />
      <ManufactureItemDescription />
      <UnitQty>י"ח</UnitQty>
      <Quantity>45</Quantity>
      <UnitMeasure>ל  גרם</UnitMeasure>
      <BisWeighted>0</BisWeighted>
      <QtyInPackage>1</QtyInPackage>
      <ItemPrice>3.90</ItemPrice>
      <UnitOfMeasurePrice>8.67</UnitOfMeasurePrice>
      <AllowDiscount>1</AllowDiscount>
      <itemStatus>1</itemStatus>
      <LastUpdateDate />
      <LastUpdateTime />
    </Product>
    <Product>
      <PriceUpdateDate>2019/01/13 12:52</PriceUpdateDate>
      <ItemCode>7290107944472</ItemCode>
      <ItemType>1</ItemType>
      <ItemName>סימפוניה 3% שום שמיר 200גר</ItemName>
      <ManufactureName>שטראוס גרופ ***בעמ</ManufactureName>
      <ManufactureCountry />
      <ManufactureItemDescription />
      <UnitQty>י"ח</UnitQty>
      <Quantity>200</Quantity>
      <UnitMeasure>ל  גרם</UnitMeasure>
      <BisWeighted>0</BisWeighted>
      <QtyInPackage>1</QtyInPackage>
      <ItemPrice>11.60</ItemPrice>
      <UnitOfMeasurePrice>5.80</UnitOfMeasurePrice>
      <AllowDiscount>0</AllowDiscount>
      <itemStatus>1</itemStatus>
      <LastUpdateDate />
      <LastUpdateTime />
    </Product>
    <Product>
      <PriceUpdateDate>2019/02/11 11:20</PriceUpdateDate>
      <ItemCode>7290107947466</ItemCode>
      <ItemType>1</ItemType>
      <ItemName>מאגדת אנרג`י מאגדת מצופה טעמי 2018</ItemName>
      <ManufactureName>שטראוס גרופ בעמ</ManufactureName>
      <ManufactureCountry />
      <ManufactureItemDescription />
      <UnitQty>י"ח</UnitQty>
      <Quantity>156</Quantity>
      <UnitMeasure>ל  גרם</UnitMeasure>
      <BisWeighted>0</BisWeighted>
      <QtyInPackage>1</QtyInPackage>
      <ItemPrice>12.90</ItemPrice>
      <UnitOfMeasurePrice>8.27</UnitOfMeasurePrice>
      <AllowDiscount>0</AllowDiscount>
      <itemStatus>1</itemStatus>
      <LastUpdateDate />
      <LastUpdateTime />
    </Product>
    <Product>
      <PriceUpdateDate>2019/02/11 11:20</PriceUpdateDate>
      <ItemCode>7290107947480</ItemCode>
      <ItemType>1</ItemType>
      <ItemName>מאגדת אנרג`י מאגדת מצופה שוקולד חלב 20</ItemName>
      <ManufactureName>שטראוס גרופ בעמ</ManufactureName>
      <ManufactureCountry />
      <ManufactureItemDescription />
      <UnitQty>י"ח</UnitQty>
      <Quantity>156</Quantity>
      <UnitMeasure>ל  גרם</UnitMeasure>
      <BisWeighted>0</BisWeighted>
      <QtyInPackage>1</QtyInPackage>
      <ItemPrice>12.90</ItemPrice>
      <UnitOfMeasurePrice>8.27</UnitOfMeasurePrice>
      <AllowDiscount>0</AllowDiscount>
      <itemStatus>1</itemStatus>
      <LastUpdateDate />
      <LastUpdateTime />
    </Product>
    <Product>
      <PriceUpdateDate>2018/07/31 07:52</PriceUpdateDate>
      <ItemCode>7290107947992</ItemCode>
      <ItemType>1</ItemType>
      <ItemName>שוקולד אקסטרה חלב 100ג</ItemName>
      <ManufactureName>שטראוס גרופ בעמ</ManufactureName>
      <ManufactureCountry />
      <ManufactureItemDescription />
      <UnitQty>י"ח</UnitQty>
      <Quantity>105</Quantity>
      <UnitMeasure>ל  גרם</UnitMeasure>
      <BisWeighted>0</BisWeighted>
      <QtyInPackage>1</QtyInPackage>
      <ItemPrice>6.90</ItemPrice>
      <UnitOfMeasurePrice>6.57</UnitOfMeasurePrice>
      <AllowDiscount>1</AllowDiscount>
      <itemStatus>1</itemStatus>
      <LastUpdateDate />
      <LastUpdateTime />
    </Product>
    <Product>
      <PriceUpdateDate>2018/07/31 07:55</PriceUpdateDate>
      <ItemCode>7290107948029</ItemCode>
      <ItemType>1</ItemType>
      <ItemName>שוקולד אקסטרא צימוקים ואגוזים  100ג</ItemName>
      <ManufactureName>שטראוס גרופ בעמ</ManufactureName>
      <ManufactureCountry />
      <ManufactureItemDescription />
      <UnitQty>י"ח</UnitQty>
      <Quantity>100</Quantity>
      <UnitMeasure>ל  גרם</UnitMeasure>
      <BisWeighted>0</BisWeighted>
      <QtyInPackage>1</QtyInPackage>
      <ItemPrice>6.90</ItemPrice>
      <UnitOfMeasurePrice>6.90</UnitOfMeasurePrice>
      <AllowDiscount>1</AllowDiscount>
      <itemStatus>1</itemStatus>
      <LastUpdateDate />
      <LastUpdateTime />
    </Product>
    <Product>
      <PriceUpdateDate>2016/12/27 15:06</PriceUpdateDate>
      <ItemCode>7290107950183</ItemCode>
      <ItemType>1</ItemType>
      <ItemName>מעדן דיאט וניל 130גר</ItemName>
      <ManufactureName>שטראוס גרופ ***בעמ</ManufactureName>
      <ManufactureCountry />
      <ManufactureItemDescription />
      <UnitQty>י"ח</UnitQty>
      <Quantity>130</Quantity>
      <UnitMeasure>ל  גרם</UnitMeasure>
      <BisWeighted>0</BisWeighted>
      <QtyInPackage>1</QtyInPackage>
      <ItemPrice>3.50</ItemPrice>
      <UnitOfMeasurePrice>2.69</UnitOfMeasurePrice>
      <AllowDiscount>0</AllowDiscount>
      <itemStatus>1</itemStatus>
      <LastUpdateDate />
      <LastUpdateTime />
    </Product>
    <Product>
      <PriceUpdateDate>2016/12/27 14:26</PriceUpdateDate>
      <ItemCode>7290107950190</ItemCode>
      <ItemType>1</ItemType>
      <ItemName>מעדן דיאט שוקולד מריר 130גר</ItemName>
      <ManufactureName>שטראוס גרופ ***בעמ</ManufactureName>
      <ManufactureCountry />
      <ManufactureItemDescription />
      <UnitQty>י"ח</UnitQty>
      <Quantity>130</Quantity>
      <UnitMeasure>ל  גרם</UnitMeasure>
      <BisWeighted>0</BisWeighted>
      <QtyInPackage>1</QtyInPackage>
      <ItemPrice>3.50</ItemPrice>
      <UnitOfMeasurePrice>2.69</UnitOfMeasurePrice>
      <AllowDiscount>0</AllowDiscount>
      <itemStatus>1</itemStatus>
      <LastUpdateDate />
      <LastUpdateTime />
    </Product>
    <Product>
      <PriceUpdateDate>2016/12/27 14:26</PriceUpdateDate>
      <ItemCode>7290107950206</ItemCode>
      <ItemType>1</ItemType>
      <ItemName>מעדן דיאט שוקולד 130גר</ItemName>
      <ManufactureName>שטראוס גרופ ***בעמ</ManufactureName>
      <ManufactureCountry />
      <ManufactureItemDescription />
      <UnitQty>י"ח</UnitQty>
      <Quantity>130</Quantity>
      <UnitMeasure>ל  גרם</UnitMeasure>
      <BisWeighted>0</BisWeighted>
      <QtyInPackage>1</QtyInPackage>
      <ItemPrice>3.50</ItemPrice>
      <UnitOfMeasurePrice>2.69</UnitOfMeasurePrice>
      <AllowDiscount>0</AllowDiscount>
      <itemStatus>1</itemStatus>
      <LastUpdateDate />
      <LastUpdateTime />
    </Product>
    <Product>
      <PriceUpdateDate>2017/05/03 11:48</PriceUpdateDate>
      <ItemCode>7290107950275</ItemCode>
      <ItemType>1</ItemType>
      <ItemName>מילקי קצפת קפוצינו 133ג</ItemName>
      <ManufactureName>שטראוס גרופ ***בעמ</ManufactureName>
      <ManufactureCountry />
      <ManufactureItemDescription />
      <UnitQty>י"ח</UnitQty>
      <Quantity>111</Quantity>
      <UnitMeasure>ל  גרם</UnitMeasure>
      <BisWeighted>0</BisWeighted>
      <QtyInPackage>1</QtyInPackage>
      <ItemPrice>3.80</ItemPrice>
      <UnitOfMeasurePrice>3.42</UnitOfMeasurePrice>
      <AllowDiscount>0</AllowDiscount>
      <itemStatus>1</itemStatus>
      <LastUpdateDate />
      <LastUpdateTime />
    </Product>
    <Product>
      <PriceUpdateDate>2018/07/16 13:54</PriceUpdateDate>
      <ItemCode>7290107951104</ItemCode>
      <ItemType>1</ItemType>
      <ItemName>בפלות שוקולד 200גר</ItemName>
      <ManufactureName>שטראוס גרופ בעמ</ManufactureName>
      <ManufactureCountry />
      <ManufactureItemDescription />
      <UnitQty>י"ח</UnitQty>
      <Quantity>200</Quantity>
      <UnitMeasure>ל  גרם</UnitMeasure>
      <BisWeighted>0</BisWeighted>
      <QtyInPackage>1</QtyInPackage>
      <ItemPrice>4.40</ItemPrice>
      <UnitOfMeasurePrice>2.20</UnitOfMeasurePrice>
      <AllowDiscount>0</AllowDiscount>
      <itemStatus>1</itemStatus>
      <LastUpdateDate />
      <LastUpdateTime />
    </Product>
    <Product>
      <PriceUpdateDate>2018/07/16 13:54</PriceUpdateDate>
      <ItemCode>7290107951111</ItemCode>
      <ItemType>1</ItemType>
      <ItemName>בפלות לימון 200גר</ItemName>
      <ManufactureName>שטראוס גרופ בעמ</ManufactureName>
      <ManufactureCountry />
      <ManufactureItemDescription />
      <UnitQty>י"ח</UnitQty>
      <Quantity>200</Quantity>
      <UnitMeasure>ל  גרם</UnitMeasure>
      <BisWeighted>0</BisWeighted>
      <QtyInPackage>1</QtyInPackage>
      <ItemPrice>4.40</ItemPrice>
      <UnitOfMeasurePrice>2.20</UnitOfMeasurePrice>
      <AllowDiscount>0</AllowDiscount>
      <itemStatus>1</itemStatus>
      <LastUpdateDate />
      <LastUpdateTime />
    </Product>
    <Product>
      <PriceUpdateDate>2020/02/05 09:53</PriceUpdateDate>
      <ItemCode>7290107951258</ItemCode>
      <ItemType>1</ItemType>
      <ItemName>קונפיטורה שזיף 340גר</ItemName>
      <ManufactureName>שטראוס גרופ בעמ</ManufactureName>
      <ManufactureCountry />
      <ManufactureItemDescription />
      <UnitQty>י"ח</UnitQty>
      <Quantity>340</Quantity>
      <UnitMeasure>ל  גרם</UnitMeasure>
      <BisWeighted>0</BisWeighted>
      <QtyInPackage>1</QtyInPackage>
      <ItemPrice>12.90</ItemPrice>
      <UnitOfMeasurePrice>3.79</UnitOfMeasurePrice>
      <AllowDiscount>1</AllowDiscount>
      <itemStatus>1</itemStatus>
      <LastUpdateDate />
      <LastUpdateTime />
    </Product>
    <Product>
      <PriceUpdateDate>2017/08/07 10:41</PriceUpdateDate>
      <ItemCode>7290107951395</ItemCode>
      <ItemType>1</ItemType>
      <ItemName>משקה יוטבתה פרו וניל לשתיה  250מ"ל</ItemName>
      <ManufactureName>שטראוס גרופ ***בעמ</ManufactureName>
      <ManufactureCountry />
      <ManufactureItemDescription />
      <UnitQty>י"ח</UnitQty>
      <Quantity>267</Quantity>
      <UnitMeasure>ל  גרם</UnitMeasure>
      <BisWeighted>0</BisWeighted>
      <QtyInPackage>1</QtyInPackage>
      <ItemPrice>4.80</ItemPrice>
      <UnitOfMeasurePrice>1.80</UnitOfMeasurePrice>
      <AllowDiscount>0</AllowDiscount>
      <itemStatus>1</itemStatus>
      <LastUpdateDate />
      <LastUpdateTime />
    </Product>
    <Product>
      <PriceUpdateDate>2017/08/07 10:41</PriceUpdateDate>
      <ItemCode>7290107951401</ItemCode>
      <ItemType>1</ItemType>
      <ItemName>משקה יוטבתה פרו קפה לשתיה  250מ"ל</ItemName>
      <ManufactureName>שטראוס גרופ ***בעמ</ManufactureName>
      <ManufactureCountry />
      <ManufactureItemDescription />
      <UnitQty>י"ח</UnitQty>
      <Quantity>267</Quantity>
      <UnitMeasure>ל  גרם</UnitMeasure>
      <BisWeighted>0</BisWeighted>
      <QtyInPackage>1</QtyInPackage>
      <ItemPrice>4.80</ItemPrice>
      <UnitOfMeasurePrice>1.80</UnitOfMeasurePrice>
      <AllowDiscount>0</AllowDiscount>
      <itemStatus>1</itemStatus>
      <LastUpdateDate />
      <LastUpdateTime />
    </Product>
    <Product>
      <PriceUpdateDate>2018/10/18 17:32</PriceUpdateDate>
      <ItemCode>7290107951548</ItemCode>
      <ItemType>1</ItemType>
      <ItemName>בלונדי שוקולד דקשים 100גר.</ItemName>
      <ManufactureName>שטראוס גרופ בעמ</ManufactureName>
      <ManufactureCountry />
      <ManufactureItemDescription />
      <UnitQty>י"ח</UnitQty>
      <Quantity>1</Quantity>
      <UnitMeasure>י"ח</UnitMeasure>
      <BisWeighted>0</BisWeighted>
      <QtyInPackage>1</QtyInPackage>
      <ItemPrice>6.90</ItemPrice>
      <UnitOfMeasurePrice>6.90</UnitOfMeasurePrice>
      <AllowDiscount>1</AllowDiscount>
      <itemStatus>1</itemStatus>
      <LastUpdateDate />
      <LastUpdateTime />
    </Product>
    <Product>
      <PriceUpdateDate>2018/12/09 14:44</PriceUpdateDate>
      <ItemCode>7290107951586</ItemCode>
      <ItemType>1</ItemType>
      <ItemName>מיקס מעורב  390 גרם כשל"פ</ItemName>
      <ManufactureName>שטראוס גרופ בעמ</ManufactureName>
      <ManufactureCountry />
      <ManufactureItemDescription />
      <UnitQty>י"ח</UnitQty>
      <Quantity>390</Quantity>
      <UnitMeasure>ל  גרם</UnitMeasure>
      <BisWeighted>0</BisWeighted>
      <QtyInPackage>1</QtyInPackage>
      <ItemPrice>23.90</ItemPrice>
      <UnitOfMeasurePrice>6.13</UnitOfMeasurePrice>
      <AllowDiscount>0</AllowDiscount>
      <itemStatus>1</itemStatus>
      <LastUpdateDate />
      <LastUpdateTime />
    </Product>
    <Product>
      <PriceUpdateDate>2018/10/18 17:32</PriceUpdateDate>
      <ItemCode>7290107951630</ItemCode>
      <ItemType>1</ItemType>
      <ItemName>בלונדי שוקולד שבבי קוקוס קלוי 100גר</ItemName>
      <ManufactureName>שטראוס גרופ בעמ</ManufactureName>
      <ManufactureCountry />
      <ManufactureItemDescription />
      <UnitQty>י"ח</UnitQty>
      <Quantity>100</Quantity>
      <UnitMeasure>ל  גרם</UnitMeasure>
      <BisWeighted>0</BisWeighted>
      <QtyInPackage>1</QtyInPackage>
      <ItemPrice>6.90</ItemPrice>
      <UnitOfMeasurePrice>6.90</UnitOfMeasurePrice>
      <AllowDiscount>1</AllowDiscount>
      <itemStatus>1</itemStatus>
      <LastUpdateDate />
      <LastUpdateTime />
    </Product>
    <Product>
      <PriceUpdateDate>2017/11/01 11:12</PriceUpdateDate>
      <ItemCode>7290107951715</ItemCode>
      <ItemType>1</ItemType>
      <ItemName>מסטיק מאסט קוביות ענבים 58גר</ItemName>
      <ManufactureName>שטראוס גרופ בעמ</ManufactureName>
      <ManufactureCountry />
      <ManufactureItemDescription />
      <UnitQty>י"ח</UnitQty>
      <Quantity>66</Quantity>
      <UnitMeasure>ל  גרם</UnitMeasure>
      <BisWeighted>0</BisWeighted>
      <QtyInPackage>1</QtyInPackage>
      <ItemPrice>9.80</ItemPrice>
      <UnitOfMeasurePrice>14.85</UnitOfMeasurePrice>
      <AllowDiscount>1</AllowDiscount>
      <itemStatus>1</itemStatus>
      <LastUpdateDate />
      <LastUpdateTime />
    </Product>
    <Product>
      <PriceUpdateDate>2019/07/30 09:15</PriceUpdateDate>
      <ItemCode>7290107953559</ItemCode>
      <ItemType>1</ItemType>
      <ItemName>מארז קפה טורקי לדרך 168גר`</ItemName>
      <ManufactureName>שטראוס גרופ בעמ</ManufactureName>
      <ManufactureCountry />
      <ManufactureItemDescription />
      <UnitQty>י"ח</UnitQty>
      <Quantity>168</Quantity>
      <UnitMeasure>ל  גרם</UnitMeasure>
      <BisWeighted>0</BisWeighted>
      <QtyInPackage>1</QtyInPackage>
      <ItemPrice>19.90</ItemPrice>
      <UnitOfMeasurePrice>11.85</UnitOfMeasurePrice>
      <AllowDiscount>0</AllowDiscount>
      <itemStatus>1</itemStatus>
      <LastUpdateDate />
      <LastUpdateTime />
    </Product>
    <Product>
      <PriceUpdateDate>2017/08/09 11:40</PriceUpdateDate>
      <ItemCode>7290107954457</ItemCode>
      <ItemType>1</ItemType>
      <ItemName>עוגת בראוניס שוקולד חדשה</ItemName>
      <ManufactureName>שטראוס גרופ בעמ</ManufactureName>
      <ManufactureCountry />
      <ManufactureItemDescription />
      <UnitQty>י"ח</UnitQty>
      <Quantity>380</Quantity>
      <UnitMeasure>ל  גרם</UnitMeasure>
      <BisWeighted>0</BisWeighted>
      <QtyInPackage>1</QtyInPackage>
      <ItemPrice>16.90</ItemPrice>
      <UnitOfMeasurePrice>4.45</UnitOfMeasurePrice>
      <AllowDiscount>0</AllowDiscount>
      <itemStatus>1</itemStatus>
      <LastUpdateDate />
      <LastUpdateTime />
    </Product>
    <Product>
      <PriceUpdateDate>2020/02/05 09:53</PriceUpdateDate>
      <ItemCode>7290107954709</ItemCode>
      <ItemType>1</ItemType>
      <ItemName>קונפיטורה פירות יער  340גר</ItemName>
      <ManufactureName>שטראוס גרופ בעמ</ManufactureName>
      <ManufactureCountry />
      <ManufactureItemDescription />
      <UnitQty>י"ח</UnitQty>
      <Quantity>340</Quantity>
      <UnitMeasure>ל  גרם</UnitMeasure>
      <BisWeighted>0</BisWeighted>
      <QtyInPackage>1</QtyInPackage>
      <ItemPrice>12.90</ItemPrice>
      <UnitOfMeasurePrice>3.79</UnitOfMeasurePrice>
      <AllowDiscount>1</AllowDiscount>
      <itemStatus>1</itemStatus>
      <LastUpdateDate />
      <LastUpdateTime />
    </Product>
    <Product>
      <PriceUpdateDate>2017/08/07 10:42</PriceUpdateDate>
      <ItemCode>7290107954976</ItemCode>
      <ItemType>1</ItemType>
      <ItemName>משקה יוטבתה פרו קפה לשתיה  350מ"ל</ItemName>
      <ManufactureName>שטראוס גרופ ***בעמ</ManufactureName>
      <ManufactureCountry />
      <ManufactureItemDescription />
      <UnitQty>י"ח</UnitQty>
      <Quantity>350</Quantity>
      <UnitMeasure>ל  גרם</UnitMeasure>
      <BisWeighted>0</BisWeighted>
      <QtyInPackage>1</QtyInPackage>
      <ItemPrice>6.20</ItemPrice>
      <UnitOfMeasurePrice>1.77</UnitOfMeasurePrice>
      <AllowDiscount>0</AllowDiscount>
      <itemStatus>1</itemStatus>
      <LastUpdateDate />
      <LastUpdateTime />
    </Product>
    <Product>
      <PriceUpdateDate>2019/08/25 07:43</PriceUpdateDate>
      <ItemCode>7290107955829</ItemCode>
      <ItemType>1</ItemType>
      <ItemName>שוקולד קוקוס במתיקות מעודנת 100גר</ItemName>
      <ManufactureName>שטראוס גרופ בעמ</ManufactureName>
      <ManufactureCountry />
      <ManufactureItemDescription />
      <UnitQty>י"ח</UnitQty>
      <Quantity>100</Quantity>
      <UnitMeasure>ל  גרם</UnitMeasure>
      <BisWeighted>0</BisWeighted>
      <QtyInPackage>1</QtyInPackage>
      <ItemPrice>7.90</ItemPrice>
      <UnitOfMeasurePrice>7.90</UnitOfMeasurePrice>
      <AllowDiscount>1</AllowDiscount>
      <itemStatus>1</itemStatus>
      <LastUpdateDate />
      <LastUpdateTime />
    </Product>
    <Product>
      <PriceUpdateDate>2017/10/03 13:47</PriceUpdateDate>
      <ItemCode>7290107956826</ItemCode>
      <ItemType>1</ItemType>
      <ItemName>עוגיות שוקולדצ`יפס 180גר</ItemName>
      <ManufactureName>שטראוס גרופ בעמ</ManufactureName>
      <ManufactureCountry />
      <ManufactureItemDescription />
      <UnitQty>י"ח</UnitQty>
      <Quantity>180</Quantity>
      <UnitMeasure>ל  גרם</UnitMeasure>
      <BisWeighted>0</BisWeighted>
      <QtyInPackage>1</QtyInPackage>
      <ItemPrice>9.90</ItemPrice>
      <UnitOfMeasurePrice>5.50</UnitOfMeasurePrice>
      <AllowDiscount>1</AllowDiscount>
      <itemStatus>1</itemStatus>
      <LastUpdateDate />
      <LastUpdateTime />
    </Product>
    <Product>
      <PriceUpdateDate>2017/10/03 13:46</PriceUpdateDate>
      <ItemCode>7290107956833</ItemCode>
      <ItemType>1</ItemType>
      <ItemName>עוגיות שוקולדצ`יפס 180גר</ItemName>
      <ManufactureName>שטראוס גרופ בעמ</ManufactureName>
      <ManufactureCountry />
      <ManufactureItemDescription />
      <UnitQty>י"ח</UnitQty>
      <Quantity>180</Quantity>
      <UnitMeasure>ל  גרם</UnitMeasure>
      <BisWeighted>0</BisWeighted>
      <QtyInPackage>1</QtyInPackage>
      <ItemPrice>9.90</ItemPrice>
      <UnitOfMeasurePrice>5.50</UnitOfMeasurePrice>
      <AllowDiscount>1</AllowDiscount>
      <itemStatus>1</itemStatus>
      <LastUpdateDate />
      <LastUpdateTime />
    </Product>
    <Product>
      <PriceUpdateDate>2019/01/09 16:09</PriceUpdateDate>
      <ItemCode>7290107956895</ItemCode>
      <ItemType>1</ItemType>
      <ItemName>קפסולות טעם קרמל למכונות נספרסו 50גר</ItemName>
      <ManufactureName>שטראוס גרופ בעמ</ManufactureName>
      <ManufactureCountry />
      <ManufactureItemDescription />
      <UnitQty>י"ח</UnitQty>
      <Quantity>50</Quantity>
      <UnitMeasure>ל  גרם</UnitMeasure>
      <BisWeighted>0</BisWeighted>
      <QtyInPackage>1</QtyInPackage>
      <ItemPrice>17.90</ItemPrice>
      <UnitOfMeasurePrice>35.80</UnitOfMeasurePrice>
      <AllowDiscount>1</AllowDiscount>
      <itemStatus>1</itemStatus>
      <LastUpdateDate />
      <LastUpdateTime />
    </Product>
    <Product>
      <PriceUpdateDate>2019/01/09 16:09</PriceUpdateDate>
      <ItemCode>7290107956901</ItemCode>
      <ItemType>1</ItemType>
      <ItemName>קפסולות אספרסו טעם אגוזים  150גר</ItemName>
      <ManufactureName>שטראוס גרופ בעמ</ManufactureName>
      <ManufactureCountry />
      <ManufactureItemDescription />
      <UnitQty>י"ח</UnitQty>
      <Quantity>50</Quantity>
      <UnitMeasure>ל  גרם</UnitMeasure>
      <BisWeighted>0</BisWeighted>
      <QtyInPackage>1</QtyInPackage>
      <ItemPrice>17.90</ItemPrice>
      <UnitOfMeasurePrice>35.80</UnitOfMeasurePrice>
      <AllowDiscount>1</AllowDiscount>
      <itemStatus>1</itemStatus>
      <LastUpdateDate />
      <LastUpdateTime />
    </Product>
    <Product>
      <PriceUpdateDate>2019/05/08 08:14</PriceUpdateDate>
      <ItemCode>7290107957069</ItemCode>
      <ItemType>1</ItemType>
      <ItemName>מסטיק  עלמה טעם אוכמניות 66ג צנצנת</ItemName>
      <ManufactureName>שטראוס גרופ בעמ</ManufactureName>
      <ManufactureCountry />
      <ManufactureItemDescription />
      <UnitQty>י"ח</UnitQty>
      <Quantity>66</Quantity>
      <UnitMeasure>ל  גרם</UnitMeasure>
      <BisWeighted>0</BisWeighted>
      <QtyInPackage>1</QtyInPackage>
      <ItemPrice>9.80</ItemPrice>
      <UnitOfMeasurePrice>14.85</UnitOfMeasurePrice>
      <AllowDiscount>1</AllowDiscount>
      <itemStatus>1</itemStatus>
      <LastUpdateDate />
      <LastUpdateTime />
    </Product>
    <Product>
      <PriceUpdateDate>2019/01/13 12:52</PriceUpdateDate>
      <ItemCode>7290107957113</ItemCode>
      <ItemType>1</ItemType>
      <ItemName>סימפוניה זיתים פינטים</ItemName>
      <ManufactureName>שטראוס גרופ ***בעמ</ManufactureName>
      <ManufactureCountry />
      <ManufactureItemDescription />
      <UnitQty>י"ח</UnitQty>
      <Quantity>200</Quantity>
      <UnitMeasure>ל  גרם</UnitMeasure>
      <BisWeighted>0</BisWeighted>
      <QtyInPackage>1</QtyInPackage>
      <ItemPrice>11.60</ItemPrice>
      <UnitOfMeasurePrice>5.80</UnitOfMeasurePrice>
      <AllowDiscount>0</AllowDiscount>
      <itemStatus>1</itemStatus>
      <LastUpdateDate />
      <LastUpdateTime />
    </Product>
    <Product>
      <PriceUpdateDate>2018/01/18 17:14</PriceUpdateDate>
      <ItemCode>7290107957779</ItemCode>
      <ItemType>1</ItemType>
      <ItemName>דניאלה אפרסק</ItemName>
      <ManufactureName>שטראוס גרופ ***בעמ</ManufactureName>
      <ManufactureCountry />
      <ManufactureItemDescription />
      <UnitQty>י"ח</UnitQty>
      <Quantity>150</Quantity>
      <UnitMeasure>ל  מ"ל</UnitMeasure>
      <BisWeighted>0</BisWeighted>
      <QtyInPackage>1</QtyInPackage>
      <ItemPrice>4.30</ItemPrice>
      <UnitOfMeasurePrice>2.87</UnitOfMeasurePrice>
      <AllowDiscount>0</AllowDiscount>
      <itemStatus>1</itemStatus>
      <LastUpdateDate />
      <LastUpdateTime />
    </Product>
    <Product>
      <PriceUpdateDate>2018/08/21 16:22</PriceUpdateDate>
      <ItemCode>7290107957991</ItemCode>
      <ItemType>1</ItemType>
      <ItemName>מילקי מינייס CAKE 144ג</ItemName>
      <ManufactureName>שטראוס גרופ ***בעמ</ManufactureName>
      <ManufactureCountry />
      <ManufactureItemDescription />
      <UnitQty>י"ח</UnitQty>
      <Quantity>144</Quantity>
      <UnitMeasure>ל  גרם</UnitMeasure>
      <BisWeighted>0</BisWeighted>
      <QtyInPackage>1</QtyInPackage>
      <ItemPrice>13.90</ItemPrice>
      <UnitOfMeasurePrice>9.65</UnitOfMeasurePrice>
      <AllowDiscount>0</AllowDiscount>
      <itemStatus>1</itemStatus>
      <LastUpdateDate />
      <LastUpdateTime />
    </Product>
    <Product>
      <PriceUpdateDate>2018/02/05 15:53</PriceUpdateDate>
      <ItemCode>7290107958035</ItemCode>
      <ItemType>1</ItemType>
      <ItemName>מארז 8 דנונה מתיקות מעודנת לל"ס וממתיק</ItemName>
      <ManufactureName>שטראוס גרופ ***בעמ</ManufactureName>
      <ManufactureCountry />
      <ManufactureItemDescription />
      <UnitQty>י"ח</UnitQty>
      <Quantity>1.20</Quantity>
      <UnitMeasure>ליטר</UnitMeasure>
      <BisWeighted>0</BisWeighted>
      <QtyInPackage>1</QtyInPackage>
      <ItemPrice>18.90</ItemPrice>
      <UnitOfMeasurePrice>15.75</UnitOfMeasurePrice>
      <AllowDiscount>0</AllowDiscount>
      <itemStatus>1</itemStatus>
      <LastUpdateDate />
      <LastUpdateTime />
    </Product>
    <Product>
      <PriceUpdateDate>2018/12/30 10:44</PriceUpdateDate>
      <ItemCode>7290107958639</ItemCode>
      <ItemType>1</ItemType>
      <ItemName>מטבוחה מרוקאית חריפה 400גר</ItemName>
      <ManufactureName>שטראוס גרופ ***בעמ</ManufactureName>
      <ManufactureCountry />
      <ManufactureItemDescription />
      <UnitQty>י"ח</UnitQty>
      <Quantity>400</Quantity>
      <UnitMeasure>ל  גרם</UnitMeasure>
      <BisWeighted>0</BisWeighted>
      <QtyInPackage>1</QtyInPackage>
      <ItemPrice>15.50</ItemPrice>
      <UnitOfMeasurePrice>3.88</UnitOfMeasurePrice>
      <AllowDiscount>0</AllowDiscount>
      <itemStatus>1</itemStatus>
      <LastUpdateDate />
      <LastUpdateTime />
    </Product>
    <Product>
      <PriceUpdateDate>2018/12/18 18:42</PriceUpdateDate>
      <ItemCode>7290107959032</ItemCode>
      <ItemType>1</ItemType>
      <ItemName>מעדן טחינה נוגט 125מ"ל Soom</ItemName>
      <ManufactureName>שטראוס גרופ ***בעמ</ManufactureName>
      <ManufactureCountry />
      <ManufactureItemDescription />
      <UnitQty>י"ח</UnitQty>
      <Quantity>125</Quantity>
      <UnitMeasure>ל  גרם</UnitMeasure>
      <BisWeighted>0</BisWeighted>
      <QtyInPackage>1</QtyInPackage>
      <ItemPrice>4.20</ItemPrice>
      <UnitOfMeasurePrice>3.36</UnitOfMeasurePrice>
      <AllowDiscount>0</AllowDiscount>
      <itemStatus>1</itemStatus>
      <LastUpdateDate />
      <LastUpdateTime />
    </Product>
    <Product>
      <PriceUpdateDate>2018/12/18 18:42</PriceUpdateDate>
      <ItemCode>7290107959049</ItemCode>
      <ItemType>1</ItemType>
      <ItemName>מעדן טחינה וניל 125מ"ל Soom</ItemName>
      <ManufactureName>שטראוס גרופ ***בעמ</ManufactureName>
      <ManufactureCountry />
      <ManufactureItemDescription />
      <UnitQty>י"ח</UnitQty>
      <Quantity>125</Quantity>
      <UnitMeasure>ל  גרם</UnitMeasure>
      <BisWeighted>0</BisWeighted>
      <QtyInPackage>1</QtyInPackage>
      <ItemPrice>4.20</ItemPrice>
      <UnitOfMeasurePrice>3.36</UnitOfMeasurePrice>
      <AllowDiscount>0</AllowDiscount>
      <itemStatus>1</itemStatus>
      <LastUpdateDate />
      <LastUpdateTime />
    </Product>
    <Product>
      <PriceUpdateDate>2020/01/14 10:33</PriceUpdateDate>
      <ItemCode>7290107971751</ItemCode>
      <ItemType>1</ItemType>
      <ItemName>קולגייט  מי פה טוטל כחול 500מ"ל</ItemName>
      <ManufactureName>ש.שסטוביץ בעמ</ManufactureName>
      <ManufactureCountry />
      <ManufactureItemDescription />
      <UnitQty>י"ח</UnitQty>
      <Quantity>500</Quantity>
      <UnitMeasure>ל  מ"ל</UnitMeasure>
      <BisWeighted>0</BisWeighted>
      <QtyInPackage>1</QtyInPackage>
      <ItemPrice>29.90</ItemPrice>
      <UnitOfMeasurePrice>5.98</UnitOfMeasurePrice>
      <AllowDiscount>1</AllowDiscount>
      <itemStatus>1</itemStatus>
      <LastUpdateDate />
      <LastUpdateTime />
    </Product>
    <Product>
      <PriceUpdateDate>2018/04/08 12:40</PriceUpdateDate>
      <ItemCode>7290107972307</ItemCode>
      <ItemType>1</ItemType>
      <ItemName>קולגייט  אופטיק וייט75מ"ל</ItemName>
      <ManufactureName>ש.שסטוביץ בעמ</ManufactureName>
      <ManufactureCountry />
      <ManufactureItemDescription />
      <UnitQty>י"ח</UnitQty>
      <Quantity>256</Quantity>
      <UnitMeasure>ל  גרם</UnitMeasure>
      <BisWeighted>0</BisWeighted>
      <QtyInPackage>1</QtyInPackage>
      <ItemPrice>29.90</ItemPrice>
      <UnitOfMeasurePrice>11.68</UnitOfMeasurePrice>
      <AllowDiscount>1</AllowDiscount>
      <itemStatus>1</itemStatus>
      <LastUpdateDate />
      <LastUpdateTime />
    </Product>
    <Product>
      <PriceUpdateDate>2020/01/14 10:33</PriceUpdateDate>
      <ItemCode>7290107973021</ItemCode>
      <ItemType>1</ItemType>
      <ItemName>פלמוליב סבון ידיים סחלב שחור  300מ"ל</ItemName>
      <ManufactureName>ש.שסטוביץ בעמ</ManufactureName>
      <ManufactureCountry />
      <ManufactureItemDescription />
      <UnitQty>י"ח</UnitQty>
      <Quantity>300</Quantity>
      <UnitMeasure>ל  מ"ל</UnitMeasure>
      <BisWeighted>0</BisWeighted>
      <QtyInPackage>1</QtyInPackage>
      <ItemPrice>8.90</ItemPrice>
      <UnitOfMeasurePrice>2.97</UnitOfMeasurePrice>
      <AllowDiscount>0</AllowDiscount>
      <itemStatus>1</itemStatus>
      <LastUpdateDate />
      <LastUpdateTime />
    </Product>
    <Product>
      <PriceUpdateDate>2020/01/14 10:33</PriceUpdateDate>
      <ItemCode>7290107973038</ItemCode>
      <ItemType>1</ItemType>
      <ItemName>פלמוליב סבון ידיים אקווריום 300מ"ל</ItemName>
      <ManufactureName>ש.שסטוביץ בעמ</ManufactureName>
      <ManufactureCountry />
      <ManufactureItemDescription />
      <UnitQty>י"ח</UnitQty>
      <Quantity>300</Quantity>
      <UnitMeasure>ל  מ"ל</UnitMeasure>
      <BisWeighted>0</BisWeighted>
      <QtyInPackage>1</QtyInPackage>
      <ItemPrice>8.90</ItemPrice>
      <UnitOfMeasurePrice>2.97</UnitOfMeasurePrice>
      <AllowDiscount>0</AllowDiscount>
      <itemStatus>1</itemStatus>
      <LastUpdateDate />
      <LastUpdateTime />
    </Product>
    <Product>
      <PriceUpdateDate>2016/09/20 09:03</PriceUpdateDate>
      <ItemCode>7290107973809</ItemCode>
      <ItemType>1</ItemType>
      <ItemName>מנה עגבניות קובוית 400גר</ItemName>
      <ManufactureName>ש.שסטוביץ בעמ</ManufactureName>
      <ManufactureCountry />
      <ManufactureItemDescription />
      <UnitQty>י"ח</UnitQty>
      <Quantity>400</Quantity>
      <UnitMeasure>ל  גרם</UnitMeasure>
      <BisWeighted>0</BisWeighted>
      <QtyInPackage>1</QtyInPackage>
      <ItemPrice>5.90</ItemPrice>
      <UnitOfMeasurePrice>1.48</UnitOfMeasurePrice>
      <AllowDiscount>0</AllowDiscount>
      <itemStatus>1</itemStatus>
      <LastUpdateDate />
      <LastUpdateTime />
    </Product>
    <Product>
      <PriceUpdateDate>2017/03/02 09:53</PriceUpdateDate>
      <ItemCode>7290107973861</ItemCode>
      <ItemType>1</ItemType>
      <ItemName>עגבניות קצוצות דק מנה  400גר*3</ItemName>
      <ManufactureName>ש.שסטוביץ בעמ</ManufactureName>
      <ManufactureCountry />
      <ManufactureItemDescription />
      <UnitQty>י"ח</UnitQty>
      <Quantity>1.20</Quantity>
      <UnitMeasure>ק"ג</UnitMeasure>
      <BisWeighted>0</BisWeighted>
      <QtyInPackage>1</QtyInPackage>
      <ItemPrice>14.90</ItemPrice>
      <UnitOfMeasurePrice>12.42</UnitOfMeasurePrice>
      <AllowDiscount>1</AllowDiscount>
      <itemStatus>1</itemStatus>
      <LastUpdateDate />
      <LastUpdateTime />
    </Product>
    <Product>
      <PriceUpdateDate>2016/06/23 13:59</PriceUpdateDate>
      <ItemCode>7290107974066</ItemCode>
      <ItemType>1</ItemType>
      <ItemName>עלי טורטיה מנה קמח מלא  320ג</ItemName>
      <ManufactureName>ש.שסטוביץ בעמ</ManufactureName>
      <ManufactureCountry />
      <ManufactureItemDescription />
      <UnitQty>י"ח</UnitQty>
      <Quantity>320</Quantity>
      <UnitMeasure>ל  גרם</UnitMeasure>
      <BisWeighted>0</BisWeighted>
      <QtyInPackage>1</QtyInPackage>
      <ItemPrice>9.90</ItemPrice>
      <UnitOfMeasurePrice>3.09</UnitOfMeasurePrice>
      <AllowDiscount>0</AllowDiscount>
      <itemStatus>1</itemStatus>
      <LastUpdateDate />
      <LastUpdateTime />
    </Product>
    <Product>
      <PriceUpdateDate>2016/12/21 09:49</PriceUpdateDate>
      <ItemCode>7290107974820</ItemCode>
      <ItemType>1</ItemType>
      <ItemName>ממרח מתובל ספייסי  253ג מנה</ItemName>
      <ManufactureName>ש.שסטוביץ בעמ</ManufactureName>
      <ManufactureCountry />
      <ManufactureItemDescription />
      <UnitQty>י"ח</UnitQty>
      <Quantity>253</Quantity>
      <UnitMeasure>ל  גרם</UnitMeasure>
      <BisWeighted>0</BisWeighted>
      <QtyInPackage>1</QtyInPackage>
      <ItemPrice>7.90</ItemPrice>
      <UnitOfMeasurePrice>3.12</UnitOfMeasurePrice>
      <AllowDiscount>0</AllowDiscount>
      <itemStatus>1</itemStatus>
      <LastUpdateDate />
      <LastUpdateTime />
    </Product>
    <Product>
      <PriceUpdateDate>2017/07/27 14:31</PriceUpdateDate>
      <ItemCode>7290107975346</ItemCode>
      <ItemType>1</ItemType>
      <ItemName>ספיד סטיק 24/7  ג ל</ItemName>
      <ManufactureName>ש.שסטוביץ בעמ</ManufactureName>
      <ManufactureCountry />
      <ManufactureItemDescription />
      <UnitQty>י"ח</UnitQty>
      <Quantity>1</Quantity>
      <UnitMeasure>י"ח</UnitMeasure>
      <BisWeighted>0</BisWeighted>
      <QtyInPackage>1</QtyInPackage>
      <ItemPrice>24.90</ItemPrice>
      <UnitOfMeasurePrice>24.90</UnitOfMeasurePrice>
      <AllowDiscount>1</AllowDiscount>
      <itemStatus>1</itemStatus>
      <LastUpdateDate />
      <LastUpdateTime />
    </Product>
    <Product>
      <PriceUpdateDate>2017/07/27 14:31</PriceUpdateDate>
      <ItemCode>7290107975360</ItemCode>
      <ItemType>1</ItemType>
      <ItemName>ליידי ספיד סטיק פיור גל</ItemName>
      <ManufactureName>ש.שסטוביץ בעמ</ManufactureName>
      <ManufactureCountry />
      <ManufactureItemDescription />
      <UnitQty>י"ח</UnitQty>
      <Quantity>1</Quantity>
      <UnitMeasure>י"ח</UnitMeasure>
      <BisWeighted>0</BisWeighted>
      <QtyInPackage>1</QtyInPackage>
      <ItemPrice>24.90</ItemPrice>
      <UnitOfMeasurePrice>24.90</UnitOfMeasurePrice>
      <AllowDiscount>1</AllowDiscount>
      <itemStatus>1</itemStatus>
      <LastUpdateDate />
      <LastUpdateTime />
    </Product>
    <Product>
      <PriceUpdateDate>2020/01/14 10:33</PriceUpdateDate>
      <ItemCode>7290107976916</ItemCode>
      <ItemType>1</ItemType>
      <ItemName>פלמוליב סבון ידיים חלב וזיתים  300מ"ל</ItemName>
      <ManufactureName>ש.שסטוביץ בעמ</ManufactureName>
      <ManufactureCountry />
      <ManufactureItemDescription />
      <UnitQty>י"ח</UnitQty>
      <Quantity>300</Quantity>
      <UnitMeasure>ל  מ"ל</UnitMeasure>
      <BisWeighted>0</BisWeighted>
      <QtyInPackage>1</QtyInPackage>
      <ItemPrice>8.90</ItemPrice>
      <UnitOfMeasurePrice>2.97</UnitOfMeasurePrice>
      <AllowDiscount>0</AllowDiscount>
      <itemStatus>1</itemStatus>
      <LastUpdateDate />
      <LastUpdateTime />
    </Product>
    <Product>
      <PriceUpdateDate>2019/10/10 15:47</PriceUpdateDate>
      <ItemCode>7290107977456</ItemCode>
      <ItemType>1</ItemType>
      <ItemName>פלמוליב מן גל רחצה  ושמפו 750מ"ל ספורט</ItemName>
      <ManufactureName>ש.שסטוביץ בעמ</ManufactureName>
      <ManufactureCountry />
      <ManufactureItemDescription />
      <UnitQty>י"ח</UnitQty>
      <Quantity>750</Quantity>
      <UnitMeasure>ל  מ"ל</UnitMeasure>
      <BisWeighted>0</BisWeighted>
      <QtyInPackage>1</QtyInPackage>
      <ItemPrice>22.90</ItemPrice>
      <UnitOfMeasurePrice>3.05</UnitOfMeasurePrice>
      <AllowDiscount>1</AllowDiscount>
      <itemStatus>1</itemStatus>
      <LastUpdateDate />
      <LastUpdateTime />
    </Product>
    <Product>
      <PriceUpdateDate>2017/07/27 14:20</PriceUpdateDate>
      <ItemCode>7290107978323</ItemCode>
      <ItemType>1</ItemType>
      <ItemName>איטריות דקיקות 400ג מאסטר שף</ItemName>
      <ManufactureName>ש.שסטוביץ בעמ</ManufactureName>
      <ManufactureCountry />
      <ManufactureItemDescription />
      <UnitQty>י"ח</UnitQty>
      <Quantity>400</Quantity>
      <UnitMeasure>ל  גרם</UnitMeasure>
      <BisWeighted>0</BisWeighted>
      <QtyInPackage>1</QtyInPackage>
      <ItemPrice>6.20</ItemPrice>
      <UnitOfMeasurePrice>1.55</UnitOfMeasurePrice>
      <AllowDiscount>1</AllowDiscount>
      <itemStatus>1</itemStatus>
      <LastUpdateDate />
      <LastUpdateTime />
    </Product>
    <Product>
      <PriceUpdateDate>2017/07/27 14:21</PriceUpdateDate>
      <ItemCode>7290107978330</ItemCode>
      <ItemType>1</ItemType>
      <ItemName>איטריות דקות 400ג מאסטר שף</ItemName>
      <ManufactureName>ש.שסטוביץ בעמ</ManufactureName>
      <ManufactureCountry />
      <ManufactureItemDescription />
      <UnitQty>י"ח</UnitQty>
      <Quantity>400</Quantity>
      <UnitMeasure>ל  גרם</UnitMeasure>
      <BisWeighted>0</BisWeighted>
      <QtyInPackage>1</QtyInPackage>
      <ItemPrice>6.20</ItemPrice>
      <UnitOfMeasurePrice>1.55</UnitOfMeasurePrice>
      <AllowDiscount>1</AllowDiscount>
      <itemStatus>1</itemStatus>
      <LastUpdateDate />
      <LastUpdateTime />
    </Product>
    <Product>
      <PriceUpdateDate>2017/08/06 12:39</PriceUpdateDate>
      <ItemCode>7290107978453</ItemCode>
      <ItemType>1</ItemType>
      <ItemName>קראנצ וס גריל 55ג חדש</ItemName>
      <ManufactureName>ש.שסטוביץ בעמ</ManufactureName>
      <ManufactureCountry />
      <ManufactureItemDescription />
      <UnitQty>י"ח</UnitQty>
      <Quantity>55</Quantity>
      <UnitMeasure>ל  גרם</UnitMeasure>
      <BisWeighted>0</BisWeighted>
      <QtyInPackage>1</QtyInPackage>
      <ItemPrice>3.90</ItemPrice>
      <UnitOfMeasurePrice>7.09</UnitOfMeasurePrice>
      <AllowDiscount>1</AllowDiscount>
      <itemStatus>1</itemStatus>
      <LastUpdateDate />
      <LastUpdateTime />
    </Product>
    <Product>
      <PriceUpdateDate>2017/08/06 12:40</PriceUpdateDate>
      <ItemCode>7290107978460</ItemCode>
      <ItemType>1</ItemType>
      <ItemName>קראנצ וס פלאפל  60ג חדש</ItemName>
      <ManufactureName>ש.שסטוביץ בעמ</ManufactureName>
      <ManufactureCountry />
      <ManufactureItemDescription />
      <UnitQty>י"ח</UnitQty>
      <Quantity>60</Quantity>
      <UnitMeasure>ל  גרם</UnitMeasure>
      <BisWeighted>0</BisWeighted>
      <QtyInPackage>1</QtyInPackage>
      <ItemPrice>3.90</ItemPrice>
      <UnitOfMeasurePrice>6.50</UnitOfMeasurePrice>
      <AllowDiscount>1</AllowDiscount>
      <itemStatus>1</itemStatus>
      <LastUpdateDate />
      <LastUpdateTime />
    </Product>
    <Product>
      <PriceUpdateDate>2015/06/11 17:14</PriceUpdateDate>
      <ItemCode>7290108200188</ItemCode>
      <ItemType>1</ItemType>
      <ItemName>וניש גולד ג`ל 940מ"ל ורוד</ItemName>
      <ManufactureName>רקיט בנקיזר (ניר איסט) בעמ</ManufactureName>
      <ManufactureCountry />
      <ManufactureItemDescription />
      <UnitQty>י"ח</UnitQty>
      <Quantity>1.35</Quantity>
      <UnitMeasure>ק"ג</UnitMeasure>
      <BisWeighted>0</BisWeighted>
      <QtyInPackage>1</QtyInPackage>
      <ItemPrice>19.90</ItemPrice>
      <UnitOfMeasurePrice>14.74</UnitOfMeasurePrice>
      <AllowDiscount>0</AllowDiscount>
      <itemStatus>1</itemStatus>
      <LastUpdateDate />
      <LastUpdateTime />
    </Product>
    <Product>
      <PriceUpdateDate>2015/06/11 17:14</PriceUpdateDate>
      <ItemCode>7290108200195</ItemCode>
      <ItemType>1</ItemType>
      <ItemName>וניש גולד ג`ל 940מ"ל לבן</ItemName>
      <ManufactureName>רקיט בנקיזר (ניר איסט) בעמ</ManufactureName>
      <ManufactureCountry />
      <ManufactureItemDescription />
      <UnitQty>י"ח</UnitQty>
      <Quantity>1.35</Quantity>
      <UnitMeasure>ק"ג</UnitMeasure>
      <BisWeighted>0</BisWeighted>
      <QtyInPackage>1</QtyInPackage>
      <ItemPrice>19.90</ItemPrice>
      <UnitOfMeasurePrice>14.74</UnitOfMeasurePrice>
      <AllowDiscount>0</AllowDiscount>
      <itemStatus>1</itemStatus>
      <LastUpdateDate />
      <LastUpdateTime />
    </Product>
    <Product>
      <PriceUpdateDate>2018/12/06 09:46</PriceUpdateDate>
      <ItemCode>7290108200225</ItemCode>
      <ItemType>1</ItemType>
      <ItemName>וניש גולד אבקה 470גר ורוד</ItemName>
      <ManufactureName>רקיט בנקיזר (ניר איסט) בעמ</ManufactureName>
      <ManufactureCountry />
      <ManufactureItemDescription />
      <UnitQty>י"ח</UnitQty>
      <Quantity>470</Quantity>
      <UnitMeasure>ל  גרם</UnitMeasure>
      <BisWeighted>0</BisWeighted>
      <QtyInPackage>1</QtyInPackage>
      <ItemPrice>15.90</ItemPrice>
      <UnitOfMeasurePrice>3.38</UnitOfMeasurePrice>
      <AllowDiscount>1</AllowDiscount>
      <itemStatus>1</itemStatus>
      <LastUpdateDate />
      <LastUpdateTime />
    </Product>
    <Product>
      <PriceUpdateDate>2018/12/06 09:46</PriceUpdateDate>
      <ItemCode>7290108200232</ItemCode>
      <ItemType>1</ItemType>
      <ItemName>וניש גולד אבקה 470גר לבן</ItemName>
      <ManufactureName>רקיט בנקיזר (ניר איסט) בעמ</ManufactureName>
      <ManufactureCountry />
      <ManufactureItemDescription />
      <UnitQty>י"ח</UnitQty>
      <Quantity>1.35</Quantity>
      <UnitMeasure>ק"ג</UnitMeasure>
      <BisWeighted>0</BisWeighted>
      <QtyInPackage>1</QtyInPackage>
      <ItemPrice>15.90</ItemPrice>
      <UnitOfMeasurePrice>11.78</UnitOfMeasurePrice>
      <AllowDiscount>1</AllowDiscount>
      <itemStatus>1</itemStatus>
      <LastUpdateDate />
      <LastUpdateTime />
    </Product>
    <Product>
      <PriceUpdateDate>2019/12/04 14:54</PriceUpdateDate>
      <ItemCode>7290108350210</ItemCode>
      <ItemType>1</ItemType>
      <ItemName>שקיות אשפה אקסטרא חוזק30 יח</ItemName>
      <ManufactureName>החב הדרומית לשיווק</ManufactureName>
      <ManufactureCountry />
      <ManufactureItemDescription />
      <UnitQty>י"ח</UnitQty>
      <Quantity>1</Quantity>
      <UnitMeasure />
      <BisWeighted>0</BisWeighted>
      <QtyInPackage>1</QtyInPackage>
      <ItemPrice>24.90</ItemPrice>
      <UnitOfMeasurePrice>24.90</UnitOfMeasurePrice>
      <AllowDiscount>0</AllowDiscount>
      <itemStatus>1</itemStatus>
      <LastUpdateDate />
      <LastUpdateTime />
    </Product>
    <Product>
      <PriceUpdateDate>2016/01/18 14:18</PriceUpdateDate>
      <ItemCode>7290108350227</ItemCode>
      <ItemType>1</ItemType>
      <ItemName>ממחטות אף דו שכבתי חמישייה אקו</ItemName>
      <ManufactureName>החב הדרומית לשיווק</ManufactureName>
      <ManufactureCountry />
      <ManufactureItemDescription />
      <UnitQty>י"ח</UnitQty>
      <Quantity>500</Quantity>
      <UnitMeasure>י"ח</UnitMeasure>
      <BisWeighted>0</BisWeighted>
      <QtyInPackage>1</QtyInPackage>
      <ItemPrice>12.90</ItemPrice>
      <UnitOfMeasurePrice>0.03</UnitOfMeasurePrice>
      <AllowDiscount>1</AllowDiscount>
      <itemStatus>1</itemStatus>
      <LastUpdateDate />
      <LastUpdateTime />
    </Product>
    <Product>
      <PriceUpdateDate>2019/12/04 14:54</PriceUpdateDate>
      <ItemCode>7290108350531</ItemCode>
      <ItemType>1</ItemType>
      <ItemName>נוזל כלים סנו ספארק 1ל קלאסי</ItemName>
      <ManufactureName>החב הדרומית לשיווק</ManufactureName>
      <ManufactureCountry />
      <ManufactureItemDescription />
      <UnitQty>י"ח</UnitQty>
      <Quantity>1</Quantity>
      <UnitMeasure>ליטר</UnitMeasure>
      <BisWeighted>0</BisWeighted>
      <QtyInPackage>1</QtyInPackage>
      <ItemPrice>10.90</ItemPrice>
      <UnitOfMeasurePrice>10.90</UnitOfMeasurePrice>
      <AllowDiscount>0</AllowDiscount>
      <itemStatus>1</itemStatus>
      <LastUpdateDate />
      <LastUpdateTime />
    </Product>
    <Product>
      <PriceUpdateDate>2016/06/02 14:55</PriceUpdateDate>
      <ItemCode>7290108350586</ItemCode>
      <ItemType>1</ItemType>
      <ItemName>נוזל כלים סנו ספארק 1.5ל לימון רענן</ItemName>
      <ManufactureName>החב הדרומית לשיווק</ManufactureName>
      <ManufactureCountry />
      <ManufactureItemDescription />
      <UnitQty>י"ח</UnitQty>
      <Quantity>1.50</Quantity>
      <UnitMeasure>ליטר</UnitMeasure>
      <BisWeighted>0</BisWeighted>
      <QtyInPackage>1</QtyInPackage>
      <ItemPrice>13.90</ItemPrice>
      <UnitOfMeasurePrice>9.27</UnitOfMeasurePrice>
      <AllowDiscount>0</AllowDiscount>
      <itemStatus>1</itemStatus>
      <LastUpdateDate />
      <LastUpdateTime />
    </Product>
    <Product>
      <PriceUpdateDate>2019/12/04 14:54</PriceUpdateDate>
      <ItemCode>7290108350616</ItemCode>
      <ItemType>1</ItemType>
      <ItemName>מרכך מקסימה  כביסה 1 ליטר בלו</ItemName>
      <ManufactureName>החב הדרומית לשיווק</ManufactureName>
      <ManufactureCountry />
      <ManufactureItemDescription />
      <UnitQty>י"ח</UnitQty>
      <Quantity>1</Quantity>
      <UnitMeasure>ליטר</UnitMeasure>
      <BisWeighted>0</BisWeighted>
      <QtyInPackage>1</QtyInPackage>
      <ItemPrice>15.90</ItemPrice>
      <UnitOfMeasurePrice>15.90</UnitOfMeasurePrice>
      <AllowDiscount>1</AllowDiscount>
      <itemStatus>1</itemStatus>
      <LastUpdateDate />
      <LastUpdateTime />
    </Product>
    <Product>
      <PriceUpdateDate>2019/12/04 14:54</PriceUpdateDate>
      <ItemCode>7290108350692</ItemCode>
      <ItemType>1</ItemType>
      <ItemName>סנו מקסימה קומפקט 6 ק"ג BLACK</ItemName>
      <ManufactureName>החב הדרומית לשיווק</ManufactureName>
      <ManufactureCountry />
      <ManufactureItemDescription />
      <UnitQty>י"ח</UnitQty>
      <Quantity>6</Quantity>
      <UnitMeasure>ק"ג</UnitMeasure>
      <BisWeighted>0</BisWeighted>
      <QtyInPackage>1</QtyInPackage>
      <ItemPrice>44.90</ItemPrice>
      <UnitOfMeasurePrice>7.48</UnitOfMeasurePrice>
      <AllowDiscount>1</AllowDiscount>
      <itemStatus>1</itemStatus>
      <LastUpdateDate />
      <LastUpdateTime />
    </Product>
    <Product>
      <PriceUpdateDate>2019/12/09 11:49</PriceUpdateDate>
      <ItemCode>7290108350777</ItemCode>
      <ItemType>1</ItemType>
      <ItemName>אל סבון כיף שלשות</ItemName>
      <ManufactureName>החב הדרומית לשיווק</ManufactureName>
      <ManufactureCountry />
      <ManufactureItemDescription />
      <UnitQty>י"ח</UnitQty>
      <Quantity>1.50</Quantity>
      <UnitMeasure>ליטר</UnitMeasure>
      <BisWeighted>0</BisWeighted>
      <QtyInPackage>1</QtyInPackage>
      <ItemPrice>19.90</ItemPrice>
      <UnitOfMeasurePrice>13.27</UnitOfMeasurePrice>
      <AllowDiscount>0</AllowDiscount>
      <itemStatus>1</itemStatus>
      <LastUpdateDate />
      <LastUpdateTime />
    </Product>
    <Product>
      <PriceUpdateDate>2019/12/04 14:54</PriceUpdateDate>
      <ItemCode>7290108351156</ItemCode>
      <ItemType>1</ItemType>
      <ItemName>סנו גט לניקוי כללי ורצפות+חומץ 1.5ל.</ItemName>
      <ManufactureName>החב הדרומית לשיווק</ManufactureName>
      <ManufactureCountry />
      <ManufactureItemDescription />
      <UnitQty>י"ח</UnitQty>
      <Quantity>1.50</Quantity>
      <UnitMeasure>ליטר</UnitMeasure>
      <BisWeighted>0</BisWeighted>
      <QtyInPackage>1</QtyInPackage>
      <ItemPrice>14.90</ItemPrice>
      <UnitOfMeasurePrice>9.93</UnitOfMeasurePrice>
      <AllowDiscount>1</AllowDiscount>
      <itemStatus>1</itemStatus>
      <LastUpdateDate />
      <LastUpdateTime />
    </Product>
    <Product>
      <PriceUpdateDate>2020/01/01 13:17</PriceUpdateDate>
      <ItemCode>7290108351514</ItemCode>
      <ItemType>1</ItemType>
      <ItemName>מקסימה מרכך 4 ל BLUE BLOSSOM</ItemName>
      <ManufactureName>החב הדרומית לשיווק</ManufactureName>
      <ManufactureCountry />
      <ManufactureItemDescription />
      <UnitQty>י"ח</UnitQty>
      <Quantity>4</Quantity>
      <UnitMeasure>ליטר</UnitMeasure>
      <BisWeighted>0</BisWeighted>
      <QtyInPackage>1</QtyInPackage>
      <ItemPrice>21.90</ItemPrice>
      <UnitOfMeasurePrice>5.48</UnitOfMeasurePrice>
      <AllowDiscount>0</AllowDiscount>
      <itemStatus>1</itemStatus>
      <LastUpdateDate />
      <LastUpdateTime />
    </Product>
    <Product>
      <PriceUpdateDate>2020/01/09 09:37</PriceUpdateDate>
      <ItemCode>7290108351521</ItemCode>
      <ItemType>1</ItemType>
      <ItemName>גל כביסה  מקסימה 5ל נואר</ItemName>
      <ManufactureName>החב הדרומית לשיווק</ManufactureName>
      <ManufactureCountry />
      <ManufactureItemDescription />
      <UnitQty>י"ח</UnitQty>
      <Quantity>5</Quantity>
      <UnitMeasure>ליטר</UnitMeasure>
      <BisWeighted>0</BisWeighted>
      <QtyInPackage>1</QtyInPackage>
      <ItemPrice>39.90</ItemPrice>
      <UnitOfMeasurePrice>7.98</UnitOfMeasurePrice>
      <AllowDiscount>0</AllowDiscount>
      <itemStatus>1</itemStatus>
      <LastUpdateDate />
      <LastUpdateTime />
    </Product>
    <Product>
      <PriceUpdateDate>2020/02/17 09:37</PriceUpdateDate>
      <ItemCode>7290108351552</ItemCode>
      <ItemType>1</ItemType>
      <ItemName>סנו גט תרסיס  פלוס לניקוי כללי+חומץ</ItemName>
      <ManufactureName>החב הדרומית לשיווק</ManufactureName>
      <ManufactureCountry />
      <ManufactureItemDescription />
      <UnitQty>י"ח</UnitQty>
      <Quantity>750</Quantity>
      <UnitMeasure>ל  מ"ל</UnitMeasure>
      <BisWeighted>0</BisWeighted>
      <QtyInPackage>1</QtyInPackage>
      <ItemPrice>12.90</ItemPrice>
      <UnitOfMeasurePrice>1.72</UnitOfMeasurePrice>
      <AllowDiscount>1</AllowDiscount>
      <itemStatus>1</itemStatus>
      <LastUpdateDate />
      <LastUpdateTime />
    </Product>
    <Product>
      <PriceUpdateDate>2020/04/30 10:50</PriceUpdateDate>
      <ItemCode>7290108351576</ItemCode>
      <ItemType>1</ItemType>
      <ItemName>סנו אוקסיג ן אבקה 1.5 ק"ג</ItemName>
      <ManufactureName>החב הדרומית לשיווק</ManufactureName>
      <ManufactureCountry />
      <ManufactureItemDescription />
      <UnitQty>י"ח</UnitQty>
      <Quantity>1.50</Quantity>
      <UnitMeasure>ק"ג</UnitMeasure>
      <BisWeighted>0</BisWeighted>
      <QtyInPackage>1</QtyInPackage>
      <ItemPrice>22.90</ItemPrice>
      <UnitOfMeasurePrice>15.27</UnitOfMeasurePrice>
      <AllowDiscount>0</AllowDiscount>
      <itemStatus>1</itemStatus>
      <LastUpdateDate />
      <LastUpdateTime />
    </Product>
    <Product>
      <PriceUpdateDate>2019/12/04 14:54</PriceUpdateDate>
      <ItemCode>7290108351583</ItemCode>
      <ItemType>1</ItemType>
      <ItemName>סנו גט לניקוי+ניקוי  אסלות 750מ"ל.</ItemName>
      <ManufactureName>החב הדרומית לשיווק</ManufactureName>
      <ManufactureCountry />
      <ManufactureItemDescription />
      <UnitQty>י"ח</UnitQty>
      <Quantity>750</Quantity>
      <UnitMeasure>ל  מ"ל</UnitMeasure>
      <BisWeighted>0</BisWeighted>
      <QtyInPackage>1</QtyInPackage>
      <ItemPrice>9.90</ItemPrice>
      <UnitOfMeasurePrice>1.32</UnitOfMeasurePrice>
      <AllowDiscount>0</AllowDiscount>
      <itemStatus>1</itemStatus>
      <LastUpdateDate />
      <LastUpdateTime />
    </Product>
    <Product>
      <PriceUpdateDate>2017/11/05 11:43</PriceUpdateDate>
      <ItemCode>7290108351613</ItemCode>
      <ItemType>1</ItemType>
      <ItemName>ריצפז פרש הום בית מלון חלומי 2ל לרצפה</ItemName>
      <ManufactureName>החב הדרומית לשיווק</ManufactureName>
      <ManufactureCountry />
      <ManufactureItemDescription />
      <UnitQty>י"ח</UnitQty>
      <Quantity>1.45</Quantity>
      <UnitMeasure>ליטר</UnitMeasure>
      <BisWeighted>0</BisWeighted>
      <QtyInPackage>1</QtyInPackage>
      <ItemPrice>19.90</ItemPrice>
      <UnitOfMeasurePrice>13.72</UnitOfMeasurePrice>
      <AllowDiscount>1</AllowDiscount>
      <itemStatus>1</itemStatus>
      <LastUpdateDate />
      <LastUpdateTime />
    </Product>
    <Product>
      <PriceUpdateDate>2018/07/25 07:22</PriceUpdateDate>
      <ItemCode>7290108351668</ItemCode>
      <ItemType>1</ItemType>
      <ItemName>מטליות לחות ג`ט+חומץ</ItemName>
      <ManufactureName>החב הדרומית לשיווק</ManufactureName>
      <ManufactureCountry />
      <ManufactureItemDescription />
      <UnitQty>י"ח</UnitQty>
      <Quantity>1</Quantity>
      <UnitMeasure>י"ח</UnitMeasure>
      <BisWeighted>0</BisWeighted>
      <QtyInPackage>1</QtyInPackage>
      <ItemPrice>9.90</ItemPrice>
      <UnitOfMeasurePrice>9.90</UnitOfMeasurePrice>
      <AllowDiscount>0</AllowDiscount>
      <itemStatus>1</itemStatus>
      <LastUpdateDate />
      <LastUpdateTime />
    </Product>
    <Product>
      <PriceUpdateDate>2019/12/04 14:54</PriceUpdateDate>
      <ItemCode>7290108351767</ItemCode>
      <ItemType>1</ItemType>
      <ItemName>סנופרש מכשיר אוטומטי לבישום אוויר</ItemName>
      <ManufactureName>החב הדרומית לשיווק</ManufactureName>
      <ManufactureCountry />
      <ManufactureItemDescription />
      <UnitQty>י"ח</UnitQty>
      <Quantity>350</Quantity>
      <UnitMeasure>ל  מ"ל</UnitMeasure>
      <BisWeighted>0</BisWeighted>
      <QtyInPackage>1</QtyInPackage>
      <ItemPrice>46.90</ItemPrice>
      <UnitOfMeasurePrice>13.40</UnitOfMeasurePrice>
      <AllowDiscount>1</AllowDiscount>
      <itemStatus>1</itemStatus>
      <LastUpdateDate />
      <LastUpdateTime />
    </Product>
    <Product>
      <PriceUpdateDate>2019/12/04 14:54</PriceUpdateDate>
      <ItemCode>7290108351811</ItemCode>
      <ItemType>1</ItemType>
      <ItemName>מרכך מקסימה סופר מרוכז Floral tou 1 ליטר</ItemName>
      <ManufactureName>החב הדרומית לשיווק</ManufactureName>
      <ManufactureCountry />
      <ManufactureItemDescription />
      <UnitQty>י"ח</UnitQty>
      <Quantity>1</Quantity>
      <UnitMeasure>ליטר</UnitMeasure>
      <BisWeighted>0</BisWeighted>
      <QtyInPackage>1</QtyInPackage>
      <ItemPrice>15.90</ItemPrice>
      <UnitOfMeasurePrice>15.90</UnitOfMeasurePrice>
      <AllowDiscount>1</AllowDiscount>
      <itemStatus>1</itemStatus>
      <LastUpdateDate />
      <LastUpdateTime />
    </Product>
    <Product>
      <PriceUpdateDate>2019/12/19 08:49</PriceUpdateDate>
      <ItemCode>7290108351842</ItemCode>
      <ItemType>1</ItemType>
      <ItemName>מקסימה מבשם מרוכז לכביסה Forever 600מ"</ItemName>
      <ManufactureName>החב הדרומית לשיווק</ManufactureName>
      <ManufactureCountry />
      <ManufactureItemDescription />
      <UnitQty>י"ח</UnitQty>
      <Quantity>600</Quantity>
      <UnitMeasure>ל  מ"ל</UnitMeasure>
      <BisWeighted>0</BisWeighted>
      <QtyInPackage>1</QtyInPackage>
      <ItemPrice>19.90</ItemPrice>
      <UnitOfMeasurePrice>3.32</UnitOfMeasurePrice>
      <AllowDiscount>0</AllowDiscount>
      <itemStatus>1</itemStatus>
      <LastUpdateDate />
      <LastUpdateTime />
    </Product>
    <Product>
      <PriceUpdateDate>2019/12/10 10:07</PriceUpdateDate>
      <ItemCode>7290108352115</ItemCode>
      <ItemType>1</ItemType>
      <ItemName>סנובון מוצק Wave שלישייה  בתוספת אקונו</ItemName>
      <ManufactureName>החב הדרומית לשיווק</ManufactureName>
      <ManufactureCountry />
      <ManufactureItemDescription />
      <UnitQty>י"ח</UnitQty>
      <Quantity>1</Quantity>
      <UnitMeasure>י"ח</UnitMeasure>
      <BisWeighted>0</BisWeighted>
      <QtyInPackage>1</QtyInPackage>
      <ItemPrice>14.90</ItemPrice>
      <UnitOfMeasurePrice>14.90</UnitOfMeasurePrice>
      <AllowDiscount>0</AllowDiscount>
      <itemStatus>1</itemStatus>
      <LastUpdateDate />
      <LastUpdateTime />
    </Product>
    <Product>
      <PriceUpdateDate>2020/04/30 10:50</PriceUpdateDate>
      <ItemCode>7290108352207</ItemCode>
      <ItemType>1</ItemType>
      <ItemName>קפסולות לכביסה מקסימה 40יח פלורל</ItemName>
      <ManufactureName>החב הדרומית לשיווק</ManufactureName>
      <ManufactureCountry />
      <ManufactureItemDescription />
      <UnitQty>י"ח</UnitQty>
      <Quantity>40</Quantity>
      <UnitMeasure>י"ח</UnitMeasure>
      <BisWeighted>0</BisWeighted>
      <QtyInPackage>1</QtyInPackage>
      <ItemPrice>39.90</ItemPrice>
      <UnitOfMeasurePrice>1</UnitOfMeasurePrice>
      <AllowDiscount>0</AllowDiscount>
      <itemStatus>1</itemStatus>
      <LastUpdateDate />
      <LastUpdateTime />
    </Product>
    <Product>
      <PriceUpdateDate>2020/04/30 10:50</PriceUpdateDate>
      <ItemCode>7290108352214</ItemCode>
      <ItemType>1</ItemType>
      <ItemName>קפסולות לכביסה מקסימה 40יח פרש בריז</ItemName>
      <ManufactureName>החב הדרומית לשיווק</ManufactureName>
      <ManufactureCountry />
      <ManufactureItemDescription />
      <UnitQty>י"ח</UnitQty>
      <Quantity>40</Quantity>
      <UnitMeasure>י"ח</UnitMeasure>
      <BisWeighted>0</BisWeighted>
      <QtyInPackage>1</QtyInPackage>
      <ItemPrice>39.90</ItemPrice>
      <UnitOfMeasurePrice>1</UnitOfMeasurePrice>
      <AllowDiscount>0</AllowDiscount>
      <itemStatus>1</itemStatus>
      <LastUpdateDate />
      <LastUpdateTime />
    </Product>
    <Product>
      <PriceUpdateDate>2020/04/30 10:50</PriceUpdateDate>
      <ItemCode>7290108352245</ItemCode>
      <ItemType>1</ItemType>
      <ItemName>פוליויקס פרקט מטליות לחות 10 יחידות</ItemName>
      <ManufactureName>החב הדרומית לשיווק</ManufactureName>
      <ManufactureCountry />
      <ManufactureItemDescription />
      <UnitQty>י"ח</UnitQty>
      <Quantity>1</Quantity>
      <UnitMeasure />
      <BisWeighted>0</BisWeighted>
      <QtyInPackage>1</QtyInPackage>
      <ItemPrice>15.90</ItemPrice>
      <UnitOfMeasurePrice>15.90</UnitOfMeasurePrice>
      <AllowDiscount>0</AllowDiscount>
      <itemStatus>1</itemStatus>
      <LastUpdateDate />
      <LastUpdateTime />
    </Product>
    <Product>
      <PriceUpdateDate>2020/04/30 10:50</PriceUpdateDate>
      <ItemCode>7290108352351</ItemCode>
      <ItemType>1</ItemType>
      <ItemName>תרסיס לחיטוי 99.9% לשמירה על ההגיינה ב</ItemName>
      <ManufactureName>החב הדרומית לשיווק</ManufactureName>
      <ManufactureCountry />
      <ManufactureItemDescription />
      <UnitQty>י"ח</UnitQty>
      <Quantity>400</Quantity>
      <UnitMeasure>ל  מ"ל</UnitMeasure>
      <BisWeighted>0</BisWeighted>
      <QtyInPackage>1</QtyInPackage>
      <ItemPrice>19.90</ItemPrice>
      <UnitOfMeasurePrice>4.98</UnitOfMeasurePrice>
      <AllowDiscount>0</AllowDiscount>
      <itemStatus>1</itemStatus>
      <LastUpdateDate />
      <LastUpdateTime />
    </Product>
    <Product>
      <PriceUpdateDate>2016/09/13 10:45</PriceUpdateDate>
      <ItemCode>7290108352597</ItemCode>
      <ItemType>1</ItemType>
      <ItemName>מטליות לחות בדלי 400יח סנו</ItemName>
      <ManufactureName>החב הדרומית לשיווק</ManufactureName>
      <ManufactureCountry />
      <ManufactureItemDescription />
      <UnitQty>י"ח</UnitQty>
      <Quantity>400</Quantity>
      <UnitMeasure>י"ח</UnitMeasure>
      <BisWeighted>0</BisWeighted>
      <QtyInPackage>1</QtyInPackage>
      <ItemPrice>29.90</ItemPrice>
      <UnitOfMeasurePrice>0.07</UnitOfMeasurePrice>
      <AllowDiscount>0</AllowDiscount>
      <itemStatus>1</itemStatus>
      <LastUpdateDate />
      <LastUpdateTime />
    </Product>
    <Product>
      <PriceUpdateDate>2016/07/28 14:21</PriceUpdateDate>
      <ItemCode>7290108352689</ItemCode>
      <ItemType>1</ItemType>
      <ItemName>כריות קרצוף ללכלוך קשה 1/9</ItemName>
      <ManufactureName>החב הדרומית לשיווק</ManufactureName>
      <ManufactureCountry />
      <ManufactureItemDescription />
      <UnitQty>י"ח</UnitQty>
      <Quantity>1</Quantity>
      <UnitMeasure />
      <BisWeighted>0</BisWeighted>
      <QtyInPackage>1</QtyInPackage>
      <ItemPrice>9.90</ItemPrice>
      <UnitOfMeasurePrice>9.90</UnitOfMeasurePrice>
      <AllowDiscount>0</AllowDiscount>
      <itemStatus>1</itemStatus>
      <LastUpdateDate />
      <LastUpdateTime />
    </Product>
    <Product>
      <PriceUpdateDate>2020/03/03 14:54</PriceUpdateDate>
      <ItemCode>7290108352801</ItemCode>
      <ItemType>1</ItemType>
      <ItemName>שקיות אשפה לפח קטן 1/100</ItemName>
      <ManufactureName>החב הדרומית לשיווק</ManufactureName>
      <ManufactureCountry />
      <ManufactureItemDescription />
      <UnitQty>י"ח</UnitQty>
      <Quantity>100</Quantity>
      <UnitMeasure>י"ח</UnitMeasure>
      <BisWeighted>0</BisWeighted>
      <QtyInPackage>1</QtyInPackage>
      <ItemPrice>19.90</ItemPrice>
      <UnitOfMeasurePrice>0.20</UnitOfMeasurePrice>
      <AllowDiscount>0</AllowDiscount>
      <itemStatus>1</itemStatus>
      <LastUpdateDate />
      <LastUpdateTime />
    </Product>
    <Product>
      <PriceUpdateDate>2019/01/25 09:21</PriceUpdateDate>
      <ItemCode>7290108352894</ItemCode>
      <ItemType>1</ItemType>
      <ItemName>מפת שולחן חגיגית XL</ItemName>
      <ManufactureName>החב הדרומית לשיווק</ManufactureName>
      <ManufactureCountry />
      <ManufactureItemDescription />
      <UnitQty>י"ח</UnitQty>
      <Quantity>1</Quantity>
      <UnitMeasure />
      <BisWeighted>0</BisWeighted>
      <QtyInPackage>1</QtyInPackage>
      <ItemPrice>6.90</ItemPrice>
      <UnitOfMeasurePrice>6.90</UnitOfMeasurePrice>
      <AllowDiscount>0</AllowDiscount>
      <itemStatus>1</itemStatus>
      <LastUpdateDate />
      <LastUpdateTime />
    </Product>
    <Product>
      <PriceUpdateDate>2019/12/09 14:32</PriceUpdateDate>
      <ItemCode>7290108353068</ItemCode>
      <ItemType>1</ItemType>
      <ItemName>סנו סושי כרית קרצוף עם סיבי נירוסטה</ItemName>
      <ManufactureName>החב הדרומית לשיווק</ManufactureName>
      <ManufactureCountry />
      <ManufactureItemDescription />
      <UnitQty>י"ח</UnitQty>
      <Quantity>1</Quantity>
      <UnitMeasure />
      <BisWeighted>0</BisWeighted>
      <QtyInPackage>1</QtyInPackage>
      <ItemPrice>11.90</ItemPrice>
      <UnitOfMeasurePrice>11.90</UnitOfMeasurePrice>
      <AllowDiscount>0</AllowDiscount>
      <itemStatus>1</itemStatus>
      <LastUpdateDate />
      <LastUpdateTime />
    </Product>
    <Product>
      <PriceUpdateDate>2019/12/10 10:07</PriceUpdateDate>
      <ItemCode>7290108353532</ItemCode>
      <ItemType>1</ItemType>
      <ItemName>שקיות אשפה 100שקיות בגליל סנו סושי</ItemName>
      <ManufactureName>החב הדרומית לשיווק</ManufactureName>
      <ManufactureCountry />
      <ManufactureItemDescription />
      <UnitQty>י"ח</UnitQty>
      <Quantity>100</Quantity>
      <UnitMeasure>י"ח</UnitMeasure>
      <BisWeighted>0</BisWeighted>
      <QtyInPackage>1</QtyInPackage>
      <ItemPrice>34.90</ItemPrice>
      <UnitOfMeasurePrice>0.35</UnitOfMeasurePrice>
      <AllowDiscount>1</AllowDiscount>
      <itemStatus>1</itemStatus>
      <LastUpdateDate />
      <LastUpdateTime />
    </Product>
    <Product>
      <PriceUpdateDate>2020/02/17 09:37</PriceUpdateDate>
      <ItemCode>7290108354751</ItemCode>
      <ItemType>1</ItemType>
      <ItemName>סנו גט תרסיס פלוס לניקוי כללי+סודה</ItemName>
      <ManufactureName>החב הדרומית לשיווק</ManufactureName>
      <ManufactureCountry />
      <ManufactureItemDescription />
      <UnitQty>י"ח</UnitQty>
      <Quantity>750</Quantity>
      <UnitMeasure>ל  מ"ל</UnitMeasure>
      <BisWeighted>0</BisWeighted>
      <QtyInPackage>1</QtyInPackage>
      <ItemPrice>12.90</ItemPrice>
      <UnitOfMeasurePrice>1.72</UnitOfMeasurePrice>
      <AllowDiscount>1</AllowDiscount>
      <itemStatus>1</itemStatus>
      <LastUpdateDate />
      <LastUpdateTime />
    </Product>
    <Product>
      <PriceUpdateDate>2020/04/05 18:50</PriceUpdateDate>
      <ItemCode>7290108354911</ItemCode>
      <ItemType>1</ItemType>
      <ItemName>קרמה מן גל לאחר גילוח 700מ"ל</ItemName>
      <ManufactureName>החב הדרומית לשיווק</ManufactureName>
      <ManufactureCountry />
      <ManufactureItemDescription />
      <UnitQty>י"ח</UnitQty>
      <Quantity>700</Quantity>
      <UnitMeasure>ל  מ"ל</UnitMeasure>
      <BisWeighted>0</BisWeighted>
      <QtyInPackage>1</QtyInPackage>
      <ItemPrice>19.90</ItemPrice>
      <UnitOfMeasurePrice>2.84</UnitOfMeasurePrice>
      <AllowDiscount>0</AllowDiscount>
      <itemStatus>1</itemStatus>
      <LastUpdateDate />
      <LastUpdateTime />
    </Product>
    <Product>
      <PriceUpdateDate>2019/12/19 08:48</PriceUpdateDate>
      <ItemCode>7290108355024</ItemCode>
      <ItemType>1</ItemType>
      <ItemName>שמפו+מרכך  מיניונים נקה 7 קידס</ItemName>
      <ManufactureName>החב הדרומית לשיווק</ManufactureName>
      <ManufactureCountry />
      <ManufactureItemDescription />
      <UnitQty>י"ח</UnitQty>
      <Quantity>750</Quantity>
      <UnitMeasure>ל  מ"ל</UnitMeasure>
      <BisWeighted>0</BisWeighted>
      <QtyInPackage>1</QtyInPackage>
      <ItemPrice>9.90</ItemPrice>
      <UnitOfMeasurePrice>1.32</UnitOfMeasurePrice>
      <AllowDiscount>1</AllowDiscount>
      <itemStatus>1</itemStatus>
      <LastUpdateDate />
      <LastUpdateTime />
    </Product>
    <Product>
      <PriceUpdateDate>2018/01/28 12:37</PriceUpdateDate>
      <ItemCode>7290108355192</ItemCode>
      <ItemType>1</ItemType>
      <ItemName>מרכך קרטין אינטנס 400מ"ל</ItemName>
      <ManufactureName>החב הדרומית לשיווק</ManufactureName>
      <ManufactureCountry />
      <ManufactureItemDescription />
      <UnitQty>י"ח</UnitQty>
      <Quantity>700</Quantity>
      <UnitMeasure>ל  מ"ל</UnitMeasure>
      <BisWeighted>0</BisWeighted>
      <QtyInPackage>1</QtyInPackage>
      <ItemPrice>29.90</ItemPrice>
      <UnitOfMeasurePrice>4.27</UnitOfMeasurePrice>
      <AllowDiscount>0</AllowDiscount>
      <itemStatus>1</itemStatus>
      <LastUpdateDate />
      <LastUpdateTime />
    </Product>
    <Product>
      <PriceUpdateDate>2018/01/28 12:36</PriceUpdateDate>
      <ItemCode>7290108355208</ItemCode>
      <ItemType>1</ItemType>
      <ItemName>שמפו קרטין אינטנס 400מ"ל</ItemName>
      <ManufactureName>החב הדרומית לשיווק</ManufactureName>
      <ManufactureCountry />
      <ManufactureItemDescription />
      <UnitQty>י"ח</UnitQty>
      <Quantity>400</Quantity>
      <UnitMeasure>ל  מ"ל</UnitMeasure>
      <BisWeighted>0</BisWeighted>
      <QtyInPackage>1</QtyInPackage>
      <ItemPrice>29.90</ItemPrice>
      <UnitOfMeasurePrice>7.48</UnitOfMeasurePrice>
      <AllowDiscount>0</AllowDiscount>
      <itemStatus>1</itemStatus>
      <LastUpdateDate />
      <LastUpdateTime />
    </Product>
    <Product>
      <PriceUpdateDate>2020/02/25 10:31</PriceUpdateDate>
      <ItemCode>7290108355307</ItemCode>
      <ItemType>1</ItemType>
      <ItemName>שמפו נקה -7 לשיער לסירוק קל 750מ"ל</ItemName>
      <ManufactureName>החב הדרומית לשיווק</ManufactureName>
      <ManufactureCountry />
      <ManufactureItemDescription />
      <UnitQty>י"ח</UnitQty>
      <Quantity>750</Quantity>
      <UnitMeasure>ל  מ"ל</UnitMeasure>
      <BisWeighted>0</BisWeighted>
      <QtyInPackage>1</QtyInPackage>
      <ItemPrice>13.90</ItemPrice>
      <UnitOfMeasurePrice>1.85</UnitOfMeasurePrice>
      <AllowDiscount>1</AllowDiscount>
      <itemStatus>1</itemStatus>
      <LastUpdateDate />
      <LastUpdateTime />
    </Product>
    <Product>
      <PriceUpdateDate>2019/12/09 14:32</PriceUpdateDate>
      <ItemCode>7290108356106</ItemCode>
      <ItemType>1</ItemType>
      <ItemName>כיף תחליב רחצה שקד 700מ"ל</ItemName>
      <ManufactureName>החב הדרומית לשיווק</ManufactureName>
      <ManufactureCountry />
      <ManufactureItemDescription />
      <UnitQty>י"ח</UnitQty>
      <Quantity>750</Quantity>
      <UnitMeasure>ל  מ"ל</UnitMeasure>
      <BisWeighted>0</BisWeighted>
      <QtyInPackage>1</QtyInPackage>
      <ItemPrice>12.90</ItemPrice>
      <UnitOfMeasurePrice>1.72</UnitOfMeasurePrice>
      <AllowDiscount>1</AllowDiscount>
      <itemStatus>1</itemStatus>
      <LastUpdateDate />
      <LastUpdateTime />
    </Product>
    <Product>
      <PriceUpdateDate>2019/12/19 08:48</PriceUpdateDate>
      <ItemCode>7290108356113</ItemCode>
      <ItemType>1</ItemType>
      <ItemName>כיף תחליב רחצה דבש 700מ"ל</ItemName>
      <ManufactureName>החב הדרומית לשיווק</ManufactureName>
      <ManufactureCountry />
      <ManufactureItemDescription />
      <UnitQty>י"ח</UnitQty>
      <Quantity>750</Quantity>
      <UnitMeasure>ל  מ"ל</UnitMeasure>
      <BisWeighted>0</BisWeighted>
      <QtyInPackage>1</QtyInPackage>
      <ItemPrice>12.90</ItemPrice>
      <UnitOfMeasurePrice>1.72</UnitOfMeasurePrice>
      <AllowDiscount>1</AllowDiscount>
      <itemStatus>1</itemStatus>
      <LastUpdateDate />
      <LastUpdateTime />
    </Product>
    <Product>
      <PriceUpdateDate>2019/12/09 14:32</PriceUpdateDate>
      <ItemCode>7290108356120</ItemCode>
      <ItemType>1</ItemType>
      <ItemName>כיף תחליב רחצה קוקוס וניל 700מ"ל</ItemName>
      <ManufactureName>החב הדרומית לשיווק</ManufactureName>
      <ManufactureCountry />
      <ManufactureItemDescription />
      <UnitQty>י"ח</UnitQty>
      <Quantity>750</Quantity>
      <UnitMeasure>ל  מ"ל</UnitMeasure>
      <BisWeighted>0</BisWeighted>
      <QtyInPackage>1</QtyInPackage>
      <ItemPrice>12.90</ItemPrice>
      <UnitOfMeasurePrice>1.72</UnitOfMeasurePrice>
      <AllowDiscount>1</AllowDiscount>
      <itemStatus>1</itemStatus>
      <LastUpdateDate />
      <LastUpdateTime />
    </Product>
    <Product>
      <PriceUpdateDate>2019/12/09 14:32</PriceUpdateDate>
      <ItemCode>7290108356137</ItemCode>
      <ItemType>1</ItemType>
      <ItemName>כיף תחליב רחצה לבנדר 700מ"ל</ItemName>
      <ManufactureName>החב הדרומית לשיווק</ManufactureName>
      <ManufactureCountry />
      <ManufactureItemDescription />
      <UnitQty>י"ח</UnitQty>
      <Quantity>750</Quantity>
      <UnitMeasure>ל  מ"ל</UnitMeasure>
      <BisWeighted>0</BisWeighted>
      <QtyInPackage>1</QtyInPackage>
      <ItemPrice>12.90</ItemPrice>
      <UnitOfMeasurePrice>1.72</UnitOfMeasurePrice>
      <AllowDiscount>1</AllowDiscount>
      <itemStatus>1</itemStatus>
      <LastUpdateDate />
      <LastUpdateTime />
    </Product>
    <Product>
      <PriceUpdateDate>2020/04/27 08:18</PriceUpdateDate>
      <ItemCode>7290108356144</ItemCode>
      <ItemType>1</ItemType>
      <ItemName>כיף תחליב רחצה בניחוח שמן אמבר וגרדנ700מ</ItemName>
      <ManufactureName>החב הדרומית לשיווק</ManufactureName>
      <ManufactureCountry />
      <ManufactureItemDescription />
      <UnitQty>י"ח</UnitQty>
      <Quantity>700</Quantity>
      <UnitMeasure>ל  מ"ל</UnitMeasure>
      <BisWeighted>0</BisWeighted>
      <QtyInPackage>1</QtyInPackage>
      <ItemPrice>12.90</ItemPrice>
      <UnitOfMeasurePrice>1.84</UnitOfMeasurePrice>
      <AllowDiscount>0</AllowDiscount>
      <itemStatus>1</itemStatus>
      <LastUpdateDate />
      <LastUpdateTime />
    </Product>
    <Product>
      <PriceUpdateDate>2019/12/09 14:32</PriceUpdateDate>
      <ItemCode>7290108356151</ItemCode>
      <ItemType>1</ItemType>
      <ItemName>כיף תחליב רחצה מאסק יסמין 700מ"ל</ItemName>
      <ManufactureName>החב הדרומית לשיווק</ManufactureName>
      <ManufactureCountry />
      <ManufactureItemDescription />
      <UnitQty>י"ח</UnitQty>
      <Quantity>750</Quantity>
      <UnitMeasure>ל  מ"ל</UnitMeasure>
      <BisWeighted>0</BisWeighted>
      <QtyInPackage>1</QtyInPackage>
      <ItemPrice>12.90</ItemPrice>
      <UnitOfMeasurePrice>1.72</UnitOfMeasurePrice>
      <AllowDiscount>1</AllowDiscount>
      <itemStatus>1</itemStatus>
      <LastUpdateDate />
      <LastUpdateTime />
    </Product>
    <Product>
      <PriceUpdateDate>2018/11/19 08:12</PriceUpdateDate>
      <ItemCode>7290108356168</ItemCode>
      <ItemType>1</ItemType>
      <ItemName>כיף תחליב רחצה אוקיינוס 700מ"ל</ItemName>
      <ManufactureName>החב הדרומית לשיווק</ManufactureName>
      <ManufactureCountry />
      <ManufactureItemDescription />
      <UnitQty>י"ח</UnitQty>
      <Quantity>750</Quantity>
      <UnitMeasure>ל  מ"ל</UnitMeasure>
      <BisWeighted>0</BisWeighted>
      <QtyInPackage>1</QtyInPackage>
      <ItemPrice>12.90</ItemPrice>
      <UnitOfMeasurePrice>1.72</UnitOfMeasurePrice>
      <AllowDiscount>1</AllowDiscount>
      <itemStatus>1</itemStatus>
      <LastUpdateDate />
      <LastUpdateTime />
    </Product>
    <Product>
      <PriceUpdateDate>2020/04/27 08:18</PriceUpdateDate>
      <ItemCode>7290108356281</ItemCode>
      <ItemType>1</ItemType>
      <ItemName>כיף תחליב רחצה בניחוח אננס וקוקוס700מ"ל</ItemName>
      <ManufactureName>החב הדרומית לשיווק</ManufactureName>
      <ManufactureCountry />
      <ManufactureItemDescription />
      <UnitQty>י"ח</UnitQty>
      <Quantity>700</Quantity>
      <UnitMeasure>ל  מ"ל</UnitMeasure>
      <BisWeighted>0</BisWeighted>
      <QtyInPackage>1</QtyInPackage>
      <ItemPrice>12.90</ItemPrice>
      <UnitOfMeasurePrice>1.84</UnitOfMeasurePrice>
      <AllowDiscount>0</AllowDiscount>
      <itemStatus>1</itemStatus>
      <LastUpdateDate />
      <LastUpdateTime />
    </Product>
    <Product>
      <PriceUpdateDate>2020/04/27 08:18</PriceUpdateDate>
      <ItemCode>7290108356304</ItemCode>
      <ItemType>1</ItemType>
      <ItemName>כיף תחליב רחצה בניחוח מלח ים700מ</ItemName>
      <ManufactureName>החב הדרומית לשיווק</ManufactureName>
      <ManufactureCountry />
      <ManufactureItemDescription />
      <UnitQty>י"ח</UnitQty>
      <Quantity>700</Quantity>
      <UnitMeasure>ל  מ"ל</UnitMeasure>
      <BisWeighted>0</BisWeighted>
      <QtyInPackage>1</QtyInPackage>
      <ItemPrice>12.90</ItemPrice>
      <UnitOfMeasurePrice>1.84</UnitOfMeasurePrice>
      <AllowDiscount>0</AllowDiscount>
      <itemStatus>1</itemStatus>
      <LastUpdateDate />
      <LastUpdateTime />
    </Product>
    <Product>
      <PriceUpdateDate>2020/04/27 08:18</PriceUpdateDate>
      <ItemCode>7290108356328</ItemCode>
      <ItemType>1</ItemType>
      <ItemName>כיף תחליב רחצה בניחוח ברגמוט 700מ"ל</ItemName>
      <ManufactureName>החב הדרומית לשיווק</ManufactureName>
      <ManufactureCountry />
      <ManufactureItemDescription />
      <UnitQty>י"ח</UnitQty>
      <Quantity>700</Quantity>
      <UnitMeasure>ל  מ"ל</UnitMeasure>
      <BisWeighted>0</BisWeighted>
      <QtyInPackage>1</QtyInPackage>
      <ItemPrice>12.90</ItemPrice>
      <UnitOfMeasurePrice>1.84</UnitOfMeasurePrice>
      <AllowDiscount>0</AllowDiscount>
      <itemStatus>1</itemStatus>
      <LastUpdateDate />
      <LastUpdateTime />
    </Product>
    <Product>
      <PriceUpdateDate>2019/12/11 16:14</PriceUpdateDate>
      <ItemCode>7290108357011</ItemCode>
      <ItemType>1</ItemType>
      <ItemName>כיף מרכך ורד ושמן קוקוי 700מ"ל</ItemName>
      <ManufactureName>החב הדרומית לשיווק</ManufactureName>
      <ManufactureCountry />
      <ManufactureItemDescription />
      <UnitQty>י"ח</UnitQty>
      <Quantity>700</Quantity>
      <UnitMeasure>ל  מ"ל</UnitMeasure>
      <BisWeighted>0</BisWeighted>
      <QtyInPackage>1</QtyInPackage>
      <ItemPrice>12.90</ItemPrice>
      <UnitOfMeasurePrice>1.84</UnitOfMeasurePrice>
      <AllowDiscount>1</AllowDiscount>
      <itemStatus>1</itemStatus>
      <LastUpdateDate />
      <LastUpdateTime />
    </Product>
    <Product>
      <PriceUpdateDate>2019/12/11 16:14</PriceUpdateDate>
      <ItemCode>7290108357028</ItemCode>
      <ItemType>1</ItemType>
      <ItemName>כיף תחליב רחצה ורד ושמן קוקוי 700מ"ל</ItemName>
      <ManufactureName>החב הדרומית לשיווק</ManufactureName>
      <ManufactureCountry />
      <ManufactureItemDescription />
      <UnitQty>י"ח</UnitQty>
      <Quantity>700</Quantity>
      <UnitMeasure>ל  מ"ל</UnitMeasure>
      <BisWeighted>0</BisWeighted>
      <QtyInPackage>1</QtyInPackage>
      <ItemPrice>12.90</ItemPrice>
      <UnitOfMeasurePrice>1.84</UnitOfMeasurePrice>
      <AllowDiscount>1</AllowDiscount>
      <itemStatus>1</itemStatus>
      <LastUpdateDate />
      <LastUpdateTime />
    </Product>
    <Product>
      <PriceUpdateDate>2019/01/22 11:40</PriceUpdateDate>
      <ItemCode>7290108357707</ItemCode>
      <ItemType>1</ItemType>
      <ItemName>כיף שמפו שיער רגיל תפוח ציה 700מ"ל</ItemName>
      <ManufactureName>החב הדרומית לשיווק</ManufactureName>
      <ManufactureCountry />
      <ManufactureItemDescription />
      <UnitQty>י"ח</UnitQty>
      <Quantity>700</Quantity>
      <UnitMeasure>ל  מ"ל</UnitMeasure>
      <BisWeighted>0</BisWeighted>
      <QtyInPackage>1</QtyInPackage>
      <ItemPrice>12.90</ItemPrice>
      <UnitOfMeasurePrice>1.84</UnitOfMeasurePrice>
      <AllowDiscount>1</AllowDiscount>
      <itemStatus>1</itemStatus>
      <LastUpdateDate />
      <LastUpdateTime />
    </Product>
    <Product>
      <PriceUpdateDate>2019/01/22 11:40</PriceUpdateDate>
      <ItemCode>7290108357714</ItemCode>
      <ItemType>1</ItemType>
      <ItemName>כיף שמפו ש. יבש רימון שמן ארגן 700מ"ל</ItemName>
      <ManufactureName>החב הדרומית לשיווק</ManufactureName>
      <ManufactureCountry />
      <ManufactureItemDescription />
      <UnitQty>י"ח</UnitQty>
      <Quantity>700</Quantity>
      <UnitMeasure>ל  מ"ל</UnitMeasure>
      <BisWeighted>0</BisWeighted>
      <QtyInPackage>1</QtyInPackage>
      <ItemPrice>12.90</ItemPrice>
      <UnitOfMeasurePrice>1.84</UnitOfMeasurePrice>
      <AllowDiscount>1</AllowDiscount>
      <itemStatus>1</itemStatus>
      <LastUpdateDate />
      <LastUpdateTime />
    </Product>
    <Product>
      <PriceUpdateDate>2019/01/22 11:40</PriceUpdateDate>
      <ItemCode>7290108357721</ItemCode>
      <ItemType>1</ItemType>
      <ItemName>כיף שמפו ש.דק שביר ברי ומורינגה 700מ"ל</ItemName>
      <ManufactureName>החב הדרומית לשיווק</ManufactureName>
      <ManufactureCountry />
      <ManufactureItemDescription />
      <UnitQty>י"ח</UnitQty>
      <Quantity>700</Quantity>
      <UnitMeasure>ל  מ"ל</UnitMeasure>
      <BisWeighted>0</BisWeighted>
      <QtyInPackage>1</QtyInPackage>
      <ItemPrice>12.90</ItemPrice>
      <UnitOfMeasurePrice>1.84</UnitOfMeasurePrice>
      <AllowDiscount>1</AllowDiscount>
      <itemStatus>1</itemStatus>
      <LastUpdateDate />
      <LastUpdateTime />
    </Product>
    <Product>
      <PriceUpdateDate>2019/01/22 11:40</PriceUpdateDate>
      <ItemCode>7290108357769</ItemCode>
      <ItemType>1</ItemType>
      <ItemName>כיף מרכך שיער רגיל תפוח ציה 700מ"ל</ItemName>
      <ManufactureName>החב הדרומית לשיווק</ManufactureName>
      <ManufactureCountry />
      <ManufactureItemDescription />
      <UnitQty>י"ח</UnitQty>
      <Quantity>700</Quantity>
      <UnitMeasure>ל  מ"ל</UnitMeasure>
      <BisWeighted>0</BisWeighted>
      <QtyInPackage>1</QtyInPackage>
      <ItemPrice>12.90</ItemPrice>
      <UnitOfMeasurePrice>1.84</UnitOfMeasurePrice>
      <AllowDiscount>1</AllowDiscount>
      <itemStatus>1</itemStatus>
      <LastUpdateDate />
      <LastUpdateTime />
    </Product>
    <Product>
      <PriceUpdateDate>2019/01/22 11:40</PriceUpdateDate>
      <ItemCode>7290108357806</ItemCode>
      <ItemType>1</ItemType>
      <ItemName>כיף מרכך  קרטין חמאת שיאה 700מ"ל</ItemName>
      <ManufactureName>החב הדרומית לשיווק</ManufactureName>
      <ManufactureCountry />
      <ManufactureItemDescription />
      <UnitQty>י"ח</UnitQty>
      <Quantity>700</Quantity>
      <UnitMeasure>ל  מ"ל</UnitMeasure>
      <BisWeighted>0</BisWeighted>
      <QtyInPackage>1</QtyInPackage>
      <ItemPrice>12.90</ItemPrice>
      <UnitOfMeasurePrice>1.84</UnitOfMeasurePrice>
      <AllowDiscount>1</AllowDiscount>
      <itemStatus>1</itemStatus>
      <LastUpdateDate />
      <LastUpdateTime />
    </Product>
    <Product>
      <PriceUpdateDate>2019/12/22 09:10</PriceUpdateDate>
      <ItemCode>7290108500820</ItemCode>
      <ItemType>1</ItemType>
      <ItemName>חמאה 250גר מהדרין ללא תוספת מלח</ItemName>
      <ManufactureName>ג.וילי פוד אינטרנשיונל בעמ</ManufactureName>
      <ManufactureCountry />
      <ManufactureItemDescription />
      <UnitQty>י"ח</UnitQty>
      <Quantity>250</Quantity>
      <UnitMeasure>ל  גרם</UnitMeasure>
      <BisWeighted>0</BisWeighted>
      <QtyInPackage>1</QtyInPackage>
      <ItemPrice>14.90</ItemPrice>
      <UnitOfMeasurePrice>5.96</UnitOfMeasurePrice>
      <AllowDiscount>0</AllowDiscount>
      <itemStatus>1</itemStatus>
      <LastUpdateDate />
      <LastUpdateTime />
    </Product>
    <Product>
      <PriceUpdateDate>2017/11/28 09:57</PriceUpdateDate>
      <ItemCode>7290108501353</ItemCode>
      <ItemType>1</ItemType>
      <ItemName>פילה אנשובי אמיתי ארוך בשמן 45ג</ItemName>
      <ManufactureName>ג.וילי פוד אינטרנשיונל בעמ</ManufactureName>
      <ManufactureCountry />
      <ManufactureItemDescription />
      <UnitQty>י"ח</UnitQty>
      <Quantity>45</Quantity>
      <UnitMeasure>ל  גרם</UnitMeasure>
      <BisWeighted>0</BisWeighted>
      <QtyInPackage>1</QtyInPackage>
      <ItemPrice>7.60</ItemPrice>
      <UnitOfMeasurePrice>16.89</UnitOfMeasurePrice>
      <AllowDiscount>0</AllowDiscount>
      <itemStatus>1</itemStatus>
      <LastUpdateDate />
      <LastUpdateTime />
    </Product>
    <Product>
      <PriceUpdateDate>2018/10/18 20:33</PriceUpdateDate>
      <ItemCode>7290108501612</ItemCode>
      <ItemType>1</ItemType>
      <ItemName>משקה שקדים 1ל   EURO VEG</ItemName>
      <ManufactureName>ג.וילי פוד אינטרנשיונל בעמ</ManufactureName>
      <ManufactureCountry />
      <ManufactureItemDescription />
      <UnitQty>י"ח</UnitQty>
      <Quantity>1</Quantity>
      <UnitMeasure>ליטר</UnitMeasure>
      <BisWeighted>0</BisWeighted>
      <QtyInPackage>1</QtyInPackage>
      <ItemPrice>11.90</ItemPrice>
      <UnitOfMeasurePrice>11.90</UnitOfMeasurePrice>
      <AllowDiscount>0</AllowDiscount>
      <itemStatus>1</itemStatus>
      <LastUpdateDate />
      <LastUpdateTime />
    </Product>
    <Product>
      <PriceUpdateDate>2018/10/18 20:33</PriceUpdateDate>
      <ItemCode>7290108501643</ItemCode>
      <ItemType>1</ItemType>
      <ItemName>משקה ש.שועל 1ל  EURO VEG</ItemName>
      <ManufactureName>ג.וילי פוד אינטרנשיונל בעמ</ManufactureName>
      <ManufactureCountry />
      <ManufactureItemDescription />
      <UnitQty>י"ח</UnitQty>
      <Quantity>1</Quantity>
      <UnitMeasure>ליטר</UnitMeasure>
      <BisWeighted>0</BisWeighted>
      <QtyInPackage>1</QtyInPackage>
      <ItemPrice>10</ItemPrice>
      <UnitOfMeasurePrice>10</UnitOfMeasurePrice>
      <AllowDiscount>0</AllowDiscount>
      <itemStatus>1</itemStatus>
      <LastUpdateDate />
      <LastUpdateTime />
    </Product>
    <Product>
      <PriceUpdateDate>2019/09/03 10:56</PriceUpdateDate>
      <ItemCode>7290108501766</ItemCode>
      <ItemType>1</ItemType>
      <ItemName>ממרח חמאה 250ג ללא מלח Euro Spread</ItemName>
      <ManufactureName>ג.וילי פוד אינטרנשיונל בעמ</ManufactureName>
      <ManufactureCountry />
      <ManufactureItemDescription />
      <UnitQty>י"ח</UnitQty>
      <Quantity>250</Quantity>
      <UnitMeasure>ל  גרם</UnitMeasure>
      <BisWeighted>0</BisWeighted>
      <QtyInPackage>1</QtyInPackage>
      <ItemPrice>11.90</ItemPrice>
      <UnitOfMeasurePrice>4.76</UnitOfMeasurePrice>
      <AllowDiscount>1</AllowDiscount>
      <itemStatus>1</itemStatus>
      <LastUpdateDate />
      <LastUpdateTime />
    </Product>
    <Product>
      <PriceUpdateDate>2019/09/03 10:56</PriceUpdateDate>
      <ItemCode>7290108501773</ItemCode>
      <ItemType>1</ItemType>
      <ItemName>ממרח חמאה 250ג במליחות עדינה Euro Spread</ItemName>
      <ManufactureName>ג.וילי פוד אינטרנשיונל בעמ</ManufactureName>
      <ManufactureCountry />
      <ManufactureItemDescription />
      <UnitQty>י"ח</UnitQty>
      <Quantity>250</Quantity>
      <UnitMeasure>ל  גרם</UnitMeasure>
      <BisWeighted>0</BisWeighted>
      <QtyInPackage>1</QtyInPackage>
      <ItemPrice>11.90</ItemPrice>
      <UnitOfMeasurePrice>4.76</UnitOfMeasurePrice>
      <AllowDiscount>1</AllowDiscount>
      <itemStatus>1</itemStatus>
      <LastUpdateDate />
      <LastUpdateTime />
    </Product>
    <Product>
      <PriceUpdateDate>2018/04/13 09:32</PriceUpdateDate>
      <ItemCode>7290108501827</ItemCode>
      <ItemType>1</ItemType>
      <ItemName>קדאיף שערות בצק 450ג</ItemName>
      <ManufactureName>ג.וילי פוד אינטרנשיונל בעמ</ManufactureName>
      <ManufactureCountry />
      <ManufactureItemDescription />
      <UnitQty>י"ח</UnitQty>
      <Quantity>450</Quantity>
      <UnitMeasure>ל  גרם</UnitMeasure>
      <BisWeighted>0</BisWeighted>
      <QtyInPackage>1</QtyInPackage>
      <ItemPrice>23.90</ItemPrice>
      <UnitOfMeasurePrice>5.31</UnitOfMeasurePrice>
      <AllowDiscount>0</AllowDiscount>
      <itemStatus>1</itemStatus>
      <LastUpdateDate />
      <LastUpdateTime />
    </Product>
    <Product>
      <PriceUpdateDate>2019/06/16 08:37</PriceUpdateDate>
      <ItemCode>7290108501971</ItemCode>
      <ItemType>1</ItemType>
      <ItemName>חטיף שקדים ומשמש happy nuts</ItemName>
      <ManufactureName>ג.וילי פוד אינטרנשיונל בעמ</ManufactureName>
      <ManufactureCountry />
      <ManufactureItemDescription />
      <UnitQty>י"ח</UnitQty>
      <Quantity>100</Quantity>
      <UnitMeasure>ל  גרם</UnitMeasure>
      <BisWeighted>0</BisWeighted>
      <QtyInPackage>1</QtyInPackage>
      <ItemPrice>14.80</ItemPrice>
      <UnitOfMeasurePrice>14.80</UnitOfMeasurePrice>
      <AllowDiscount>1</AllowDiscount>
      <itemStatus>1</itemStatus>
      <LastUpdateDate />
      <LastUpdateTime />
    </Product>
    <Product>
      <PriceUpdateDate>2019/06/16 08:37</PriceUpdateDate>
      <ItemCode>7290108501988</ItemCode>
      <ItemType>1</ItemType>
      <ItemName>חטיף שקדים וחמוציות happy nuts</ItemName>
      <ManufactureName>ג.וילי פוד אינטרנשיונל בעמ</ManufactureName>
      <ManufactureCountry />
      <ManufactureItemDescription />
      <UnitQty>י"ח</UnitQty>
      <Quantity>100</Quantity>
      <UnitMeasure>ל  גרם</UnitMeasure>
      <BisWeighted>0</BisWeighted>
      <QtyInPackage>1</QtyInPackage>
      <ItemPrice>14.80</ItemPrice>
      <UnitOfMeasurePrice>14.80</UnitOfMeasurePrice>
      <AllowDiscount>1</AllowDiscount>
      <itemStatus>1</itemStatus>
      <LastUpdateDate />
      <LastUpdateTime />
    </Product>
    <Product>
      <PriceUpdateDate>2019/10/17 14:18</PriceUpdateDate>
      <ItemCode>7290108502220</ItemCode>
      <ItemType>1</ItemType>
      <ItemName>פחם אקולוגי 2 ק``ג ויליפוד</ItemName>
      <ManufactureName>ג.וילי פוד אינטרנשיונל בעמ</ManufactureName>
      <ManufactureCountry />
      <ManufactureItemDescription />
      <UnitQty>י"ח</UnitQty>
      <Quantity>1</Quantity>
      <UnitMeasure />
      <BisWeighted>0</BisWeighted>
      <QtyInPackage>1</QtyInPackage>
      <ItemPrice>13.90</ItemPrice>
      <UnitOfMeasurePrice>13.90</UnitOfMeasurePrice>
      <AllowDiscount>1</AllowDiscount>
      <itemStatus>1</itemStatus>
      <LastUpdateDate />
      <LastUpdateTime />
    </Product>
    <Product>
      <PriceUpdateDate>2019/06/16 08:37</PriceUpdateDate>
      <ItemCode>7290108502381</ItemCode>
      <ItemType>1</ItemType>
      <ItemName>תחתיות לפיצה 1/6</ItemName>
      <ManufactureName>ג.וילי פוד אינטרנשיונל בעמ</ManufactureName>
      <ManufactureCountry />
      <ManufactureItemDescription />
      <UnitQty>י"ח</UnitQty>
      <Quantity>6</Quantity>
      <UnitMeasure>י"ח</UnitMeasure>
      <BisWeighted>0</BisWeighted>
      <QtyInPackage>1</QtyInPackage>
      <ItemPrice>12.90</ItemPrice>
      <UnitOfMeasurePrice>2.15</UnitOfMeasurePrice>
      <AllowDiscount>1</AllowDiscount>
      <itemStatus>1</itemStatus>
      <LastUpdateDate />
      <LastUpdateTime />
    </Product>
    <Product>
      <PriceUpdateDate>2018/09/25 15:49</PriceUpdateDate>
      <ItemCode>7290108502541</ItemCode>
      <ItemType>1</ItemType>
      <ItemName>גבינת שמנת רכה  טבעי 200ג ויליפוד</ItemName>
      <ManufactureName>ג.וילי פוד אינטרנשיונל בעמ</ManufactureName>
      <ManufactureCountry />
      <ManufactureItemDescription />
      <UnitQty>י"ח</UnitQty>
      <Quantity>200</Quantity>
      <UnitMeasure>ל  גרם</UnitMeasure>
      <BisWeighted>0</BisWeighted>
      <QtyInPackage>1</QtyInPackage>
      <ItemPrice>11.90</ItemPrice>
      <UnitOfMeasurePrice>5.95</UnitOfMeasurePrice>
      <AllowDiscount>1</AllowDiscount>
      <itemStatus>1</itemStatus>
      <LastUpdateDate />
      <LastUpdateTime />
    </Product>
    <Product>
      <PriceUpdateDate>2018/09/25 15:51</PriceUpdateDate>
      <ItemCode>7290108502565</ItemCode>
      <ItemType>1</ItemType>
      <ItemName>גבינת שמנת עשבי תיבול 200ג ויליפוד</ItemName>
      <ManufactureName>ג.וילי פוד אינטרנשיונל בעמ</ManufactureName>
      <ManufactureCountry />
      <ManufactureItemDescription />
      <UnitQty>י"ח</UnitQty>
      <Quantity>200</Quantity>
      <UnitMeasure>ל  גרם</UnitMeasure>
      <BisWeighted>0</BisWeighted>
      <QtyInPackage>1</QtyInPackage>
      <ItemPrice>11.90</ItemPrice>
      <UnitOfMeasurePrice>5.95</UnitOfMeasurePrice>
      <AllowDiscount>1</AllowDiscount>
      <itemStatus>1</itemStatus>
      <LastUpdateDate />
      <LastUpdateTime />
    </Product>
    <Product>
      <PriceUpdateDate>2018/09/25 15:57</PriceUpdateDate>
      <ItemCode>7290108502725</ItemCode>
      <ItemType>1</ItemType>
      <ItemName>גאודה פרוסות 400ג ויליפוד</ItemName>
      <ManufactureName>ג.וילי פוד אינטרנשיונל בעמ</ManufactureName>
      <ManufactureCountry />
      <ManufactureItemDescription />
      <UnitQty>י"ח</UnitQty>
      <Quantity>120</Quantity>
      <UnitMeasure>ל  גרם</UnitMeasure>
      <BisWeighted>0</BisWeighted>
      <QtyInPackage>1</QtyInPackage>
      <ItemPrice>21.90</ItemPrice>
      <UnitOfMeasurePrice>18.25</UnitOfMeasurePrice>
      <AllowDiscount>1</AllowDiscount>
      <itemStatus>1</itemStatus>
      <LastUpdateDate />
      <LastUpdateTime />
    </Product>
    <Product>
      <PriceUpdateDate>2019/06/16 08:37</PriceUpdateDate>
      <ItemCode>7290108502879</ItemCode>
      <ItemType>1</ItemType>
      <ItemName>מלפפונים כבושים במלח 18-25 800ג</ItemName>
      <ManufactureName>ג.וילי פוד אינטרנשיונל בעמ</ManufactureName>
      <ManufactureCountry />
      <ManufactureItemDescription />
      <UnitQty>י"ח</UnitQty>
      <Quantity>800</Quantity>
      <UnitMeasure>ל  גרם</UnitMeasure>
      <BisWeighted>0</BisWeighted>
      <QtyInPackage>1</QtyInPackage>
      <ItemPrice>14.90</ItemPrice>
      <UnitOfMeasurePrice>1.86</UnitOfMeasurePrice>
      <AllowDiscount>1</AllowDiscount>
      <itemStatus>1</itemStatus>
      <LastUpdateDate />
      <LastUpdateTime />
    </Product>
    <Product>
      <PriceUpdateDate>2019/04/09 13:25</PriceUpdateDate>
      <ItemCode>7290108503142</ItemCode>
      <ItemType>1</ItemType>
      <ItemName>לזניה FRESCA ITALIANA י500 גרם(ויליפוד)</ItemName>
      <ManufactureName>ג.וילי פוד אינטרנשיונל בעמ</ManufactureName>
      <ManufactureCountry />
      <ManufactureItemDescription />
      <UnitQty>י"ח</UnitQty>
      <Quantity>397</Quantity>
      <UnitMeasure>ל  גרם</UnitMeasure>
      <BisWeighted>0</BisWeighted>
      <QtyInPackage>1</QtyInPackage>
      <ItemPrice>9.90</ItemPrice>
      <UnitOfMeasurePrice>2.49</UnitOfMeasurePrice>
      <AllowDiscount>1</AllowDiscount>
      <itemStatus>1</itemStatus>
      <LastUpdateDate />
      <LastUpdateTime />
    </Product>
    <Product>
      <PriceUpdateDate>2019/02/28 17:02</PriceUpdateDate>
      <ItemCode>7290108503180</ItemCode>
      <ItemType>1</ItemType>
      <ItemName>אטריות קמח אורז פנה 250ג</ItemName>
      <ManufactureName>ג.וילי פוד אינטרנשיונל בעמ</ManufactureName>
      <ManufactureCountry />
      <ManufactureItemDescription />
      <UnitQty>י"ח</UnitQty>
      <Quantity>250</Quantity>
      <UnitMeasure>ל  גרם</UnitMeasure>
      <BisWeighted>0</BisWeighted>
      <QtyInPackage>1</QtyInPackage>
      <ItemPrice>4.90</ItemPrice>
      <UnitOfMeasurePrice>1.96</UnitOfMeasurePrice>
      <AllowDiscount>0</AllowDiscount>
      <itemStatus>1</itemStatus>
      <LastUpdateDate />
      <LastUpdateTime />
    </Product>
    <Product>
      <PriceUpdateDate>2019/12/02 08:28</PriceUpdateDate>
      <ItemCode>7290108503296</ItemCode>
      <ItemType>1</ItemType>
      <ItemName>ממרח חמאה VALIO י250גרם במליחות קלה</ItemName>
      <ManufactureName>ג.וילי פוד אינטרנשיונל בעמ</ManufactureName>
      <ManufactureCountry />
      <ManufactureItemDescription />
      <UnitQty>י"ח</UnitQty>
      <Quantity>250</Quantity>
      <UnitMeasure>ל  גרם</UnitMeasure>
      <BisWeighted>0</BisWeighted>
      <QtyInPackage>1</QtyInPackage>
      <ItemPrice>16.90</ItemPrice>
      <UnitOfMeasurePrice>6.76</UnitOfMeasurePrice>
      <AllowDiscount>1</AllowDiscount>
      <itemStatus>1</itemStatus>
      <LastUpdateDate />
      <LastUpdateTime />
    </Product>
    <Product>
      <PriceUpdateDate>2019/11/11 08:46</PriceUpdateDate>
      <ItemCode>7290108503364</ItemCode>
      <ItemType>1</ItemType>
      <ItemName>יוגורט יווני עם לימון 150גר 0.9% שומן</ItemName>
      <ManufactureName>ג.וילי פוד אינטרנשיונל בעמ</ManufactureName>
      <ManufactureCountry />
      <ManufactureItemDescription />
      <UnitQty>י"ח</UnitQty>
      <Quantity>150</Quantity>
      <UnitMeasure>ל  גרם</UnitMeasure>
      <BisWeighted>0</BisWeighted>
      <QtyInPackage>1</QtyInPackage>
      <ItemPrice>5.80</ItemPrice>
      <UnitOfMeasurePrice>3.87</UnitOfMeasurePrice>
      <AllowDiscount>0</AllowDiscount>
      <itemStatus>1</itemStatus>
      <LastUpdateDate />
      <LastUpdateTime />
    </Product>
    <Product>
      <PriceUpdateDate>2019/11/11 08:46</PriceUpdateDate>
      <ItemCode>7290108503371</ItemCode>
      <ItemType>1</ItemType>
      <ItemName>יוגורט יווני עם אפרסק 150גר 0.9% ש</ItemName>
      <ManufactureName>ג.וילי פוד אינטרנשיונל בעמ</ManufactureName>
      <ManufactureCountry />
      <ManufactureItemDescription />
      <UnitQty>י"ח</UnitQty>
      <Quantity>150</Quantity>
      <UnitMeasure>ל  גרם</UnitMeasure>
      <BisWeighted>0</BisWeighted>
      <QtyInPackage>1</QtyInPackage>
      <ItemPrice>5.80</ItemPrice>
      <UnitOfMeasurePrice>3.87</UnitOfMeasurePrice>
      <AllowDiscount>0</AllowDiscount>
      <itemStatus>1</itemStatus>
      <LastUpdateDate />
      <LastUpdateTime />
    </Product>
    <Product>
      <PriceUpdateDate>2019/02/28 17:02</PriceUpdateDate>
      <ItemCode>7290108503739</ItemCode>
      <ItemType>1</ItemType>
      <ItemName>חמאה מחלב עיזים 125ג</ItemName>
      <ManufactureName>ג.וילי פוד אינטרנשיונל בעמ</ManufactureName>
      <ManufactureCountry />
      <ManufactureItemDescription />
      <UnitQty>י"ח</UnitQty>
      <Quantity>125</Quantity>
      <UnitMeasure>ל  גרם</UnitMeasure>
      <BisWeighted>0</BisWeighted>
      <QtyInPackage>1</QtyInPackage>
      <ItemPrice>10.90</ItemPrice>
      <UnitOfMeasurePrice>8.72</UnitOfMeasurePrice>
      <AllowDiscount>0</AllowDiscount>
      <itemStatus>1</itemStatus>
      <LastUpdateDate />
      <LastUpdateTime />
    </Product>
    <Product>
      <PriceUpdateDate>2019/12/09 12:46</PriceUpdateDate>
      <ItemCode>7290108503746</ItemCode>
      <ItemType>1</ItemType>
      <ItemName>חמאה מלוחה  200ג</ItemName>
      <ManufactureName>ג.וילי פוד אינטרנשיונל בעמ</ManufactureName>
      <ManufactureCountry />
      <ManufactureItemDescription />
      <UnitQty>י"ח</UnitQty>
      <Quantity>200</Quantity>
      <UnitMeasure>ל  גרם</UnitMeasure>
      <BisWeighted>0</BisWeighted>
      <QtyInPackage>1</QtyInPackage>
      <ItemPrice>13.90</ItemPrice>
      <UnitOfMeasurePrice>6.95</UnitOfMeasurePrice>
      <AllowDiscount>0</AllowDiscount>
      <itemStatus>1</itemStatus>
      <LastUpdateDate />
      <LastUpdateTime />
    </Product>
    <Product>
      <PriceUpdateDate>2019/05/07 11:58</PriceUpdateDate>
      <ItemCode>7290108503975</ItemCode>
      <ItemType>1</ItemType>
      <ItemName>קנוליני 500 גרם.</ItemName>
      <ManufactureName>ג.וילי פוד אינטרנשיונל בעמ</ManufactureName>
      <ManufactureCountry />
      <ManufactureItemDescription />
      <UnitQty>י"ח</UnitQty>
      <Quantity>397</Quantity>
      <UnitMeasure>ל  גרם</UnitMeasure>
      <BisWeighted>0</BisWeighted>
      <QtyInPackage>1</QtyInPackage>
      <ItemPrice>9.90</ItemPrice>
      <UnitOfMeasurePrice>2.49</UnitOfMeasurePrice>
      <AllowDiscount>1</AllowDiscount>
      <itemStatus>1</itemStatus>
      <LastUpdateDate />
      <LastUpdateTime />
    </Product>
    <Product>
      <PriceUpdateDate>2019/12/01 14:07</PriceUpdateDate>
      <ItemCode>7290108504040</ItemCode>
      <ItemType>1</ItemType>
      <ItemName>משקה יוגורט אוכמניות וסמבוק 500 מ``ל</ItemName>
      <ManufactureName>ג.וילי פוד אינטרנשיונל בעמ</ManufactureName>
      <ManufactureCountry />
      <ManufactureItemDescription />
      <UnitQty>י"ח</UnitQty>
      <Quantity>500</Quantity>
      <UnitMeasure>ל  גרם</UnitMeasure>
      <BisWeighted>0</BisWeighted>
      <QtyInPackage>1</QtyInPackage>
      <ItemPrice>11.90</ItemPrice>
      <UnitOfMeasurePrice>2.38</UnitOfMeasurePrice>
      <AllowDiscount>1</AllowDiscount>
      <itemStatus>1</itemStatus>
      <LastUpdateDate />
      <LastUpdateTime />
    </Product>
    <Product>
      <PriceUpdateDate>2019/12/01 09:46</PriceUpdateDate>
      <ItemCode>7290108504385</ItemCode>
      <ItemType>1</ItemType>
      <ItemName>גבינת שמנת חלפיניו200ג euro chee ויליפוד</ItemName>
      <ManufactureName>ג.וילי פוד אינטרנשיונל בעמ</ManufactureName>
      <ManufactureCountry />
      <ManufactureItemDescription />
      <UnitQty>י"ח</UnitQty>
      <Quantity>200</Quantity>
      <UnitMeasure>ל  גרם</UnitMeasure>
      <BisWeighted>0</BisWeighted>
      <QtyInPackage>1</QtyInPackage>
      <ItemPrice>11.90</ItemPrice>
      <UnitOfMeasurePrice>5.95</UnitOfMeasurePrice>
      <AllowDiscount>1</AllowDiscount>
      <itemStatus>1</itemStatus>
      <LastUpdateDate />
      <LastUpdateTime />
    </Product>
    <Product>
      <PriceUpdateDate>2019/12/19 07:58</PriceUpdateDate>
      <ItemCode>7290108504569</ItemCode>
      <ItemType>1</ItemType>
      <ItemName>חמאה ללא מלח 125ג</ItemName>
      <ManufactureName>ג.וילי פוד אינטרנשיונל בעמ</ManufactureName>
      <ManufactureCountry />
      <ManufactureItemDescription />
      <UnitQty>י"ח</UnitQty>
      <Quantity>125</Quantity>
      <UnitMeasure>ל  גרם</UnitMeasure>
      <BisWeighted>0</BisWeighted>
      <QtyInPackage>1</QtyInPackage>
      <ItemPrice>7.90</ItemPrice>
      <UnitOfMeasurePrice>6.32</UnitOfMeasurePrice>
      <AllowDiscount>0</AllowDiscount>
      <itemStatus>1</itemStatus>
      <LastUpdateDate />
      <LastUpdateTime />
    </Product>
    <Product>
      <PriceUpdateDate>2019/12/02 08:28</PriceUpdateDate>
      <ItemCode>7290108504859</ItemCode>
      <ItemType>1</ItemType>
      <ItemName>פרוסות גאודה 200 גרם טבעונית</ItemName>
      <ManufactureName>ג.וילי פוד אינטרנשיונל בעמ</ManufactureName>
      <ManufactureCountry />
      <ManufactureItemDescription />
      <UnitQty>י"ח</UnitQty>
      <Quantity>200</Quantity>
      <UnitMeasure>ל  גרם</UnitMeasure>
      <BisWeighted>0</BisWeighted>
      <QtyInPackage>1</QtyInPackage>
      <ItemPrice>19.90</ItemPrice>
      <UnitOfMeasurePrice>9.95</UnitOfMeasurePrice>
      <AllowDiscount>0</AllowDiscount>
      <itemStatus>1</itemStatus>
      <LastUpdateDate />
      <LastUpdateTime />
    </Product>
    <Product>
      <PriceUpdateDate>2019/12/02 08:28</PriceUpdateDate>
      <ItemCode>7290108504903</ItemCode>
      <ItemType>1</ItemType>
      <ItemName>פרוסות צ`דר כתום 200 גרם טבעונית</ItemName>
      <ManufactureName>ג.וילי פוד אינטרנשיונל בעמ</ManufactureName>
      <ManufactureCountry />
      <ManufactureItemDescription />
      <UnitQty>י"ח</UnitQty>
      <Quantity>200</Quantity>
      <UnitMeasure>ל  גרם</UnitMeasure>
      <BisWeighted>0</BisWeighted>
      <QtyInPackage>1</QtyInPackage>
      <ItemPrice>19.90</ItemPrice>
      <UnitOfMeasurePrice>9.95</UnitOfMeasurePrice>
      <AllowDiscount>0</AllowDiscount>
      <itemStatus>1</itemStatus>
      <LastUpdateDate />
      <LastUpdateTime />
    </Product>
    <Product>
      <PriceUpdateDate>2020/03/17 08:32</PriceUpdateDate>
      <ItemCode>7290108505238</ItemCode>
      <ItemType>1</ItemType>
      <ItemName>קוביות גבינה 150 גרם</ItemName>
      <ManufactureName>ג.וילי פוד אינטרנשיונל בעמ</ManufactureName>
      <ManufactureCountry />
      <ManufactureItemDescription />
      <UnitQty>י"ח</UnitQty>
      <Quantity>150</Quantity>
      <UnitMeasure>ל  מ"ל</UnitMeasure>
      <BisWeighted>0</BisWeighted>
      <QtyInPackage>1</QtyInPackage>
      <ItemPrice>15.90</ItemPrice>
      <UnitOfMeasurePrice>10.60</UnitOfMeasurePrice>
      <AllowDiscount>0</AllowDiscount>
      <itemStatus>1</itemStatus>
      <LastUpdateDate />
      <LastUpdateTime />
    </Product>
    <Product>
      <PriceUpdateDate>2020/04/27 08:18</PriceUpdateDate>
      <ItemCode>7290108505719</ItemCode>
      <ItemType>1</ItemType>
      <ItemName>מוצרלה מגורדת   חצי קשה 200ג</ItemName>
      <ManufactureName>ג.וילי פוד אינטרנשיונל בעמ</ManufactureName>
      <ManufactureCountry />
      <ManufactureItemDescription />
      <UnitQty>י"ח</UnitQty>
      <Quantity>200</Quantity>
      <UnitMeasure>ל  גרם</UnitMeasure>
      <BisWeighted>0</BisWeighted>
      <QtyInPackage>1</QtyInPackage>
      <ItemPrice>13.90</ItemPrice>
      <UnitOfMeasurePrice>6.95</UnitOfMeasurePrice>
      <AllowDiscount>0</AllowDiscount>
      <itemStatus>1</itemStatus>
      <LastUpdateDate />
      <LastUpdateTime />
    </Product>
    <Product>
      <PriceUpdateDate>2020/04/27 08:18</PriceUpdateDate>
      <ItemCode>7290108505726</ItemCode>
      <ItemType>1</ItemType>
      <ItemName>אצבעות  גבינה חצי קשה 200ג</ItemName>
      <ManufactureName>ג.וילי פוד אינטרנשיונל בעמ</ManufactureName>
      <ManufactureCountry />
      <ManufactureItemDescription />
      <UnitQty>י"ח</UnitQty>
      <Quantity>200</Quantity>
      <UnitMeasure>ל  גרם</UnitMeasure>
      <BisWeighted>0</BisWeighted>
      <QtyInPackage>1</QtyInPackage>
      <ItemPrice>13.90</ItemPrice>
      <UnitOfMeasurePrice>6.95</UnitOfMeasurePrice>
      <AllowDiscount>0</AllowDiscount>
      <itemStatus>1</itemStatus>
      <LastUpdateDate />
      <LastUpdateTime />
    </Product>
    <Product>
      <PriceUpdateDate>2020/04/27 08:18</PriceUpdateDate>
      <ItemCode>7290108505733</ItemCode>
      <ItemType>1</ItemType>
      <ItemName>צמות גבינה חצי קשה 200ג</ItemName>
      <ManufactureName>ג.וילי פוד אינטרנשיונל בעמ</ManufactureName>
      <ManufactureCountry />
      <ManufactureItemDescription />
      <UnitQty>י"ח</UnitQty>
      <Quantity>200</Quantity>
      <UnitMeasure>ל  גרם</UnitMeasure>
      <BisWeighted>0</BisWeighted>
      <QtyInPackage>1</QtyInPackage>
      <ItemPrice>13.90</ItemPrice>
      <UnitOfMeasurePrice>6.95</UnitOfMeasurePrice>
      <AllowDiscount>0</AllowDiscount>
      <itemStatus>1</itemStatus>
      <LastUpdateDate />
      <LastUpdateTime />
    </Product>
    <Product>
      <PriceUpdateDate>2020/04/27 08:18</PriceUpdateDate>
      <ItemCode>7290108505740</ItemCode>
      <ItemType>1</ItemType>
      <ItemName>קשקבל  חצי קשה 200ג</ItemName>
      <ManufactureName>ג.וילי פוד אינטרנשיונל בעמ</ManufactureName>
      <ManufactureCountry />
      <ManufactureItemDescription />
      <UnitQty>י"ח</UnitQty>
      <Quantity>200</Quantity>
      <UnitMeasure>ל  גרם</UnitMeasure>
      <BisWeighted>0</BisWeighted>
      <QtyInPackage>1</QtyInPackage>
      <ItemPrice>13.90</ItemPrice>
      <UnitOfMeasurePrice>6.95</UnitOfMeasurePrice>
      <AllowDiscount>0</AllowDiscount>
      <itemStatus>1</itemStatus>
      <LastUpdateDate />
      <LastUpdateTime />
    </Product>
    <Product>
      <PriceUpdateDate>2020/02/19 08:59</PriceUpdateDate>
      <ItemCode>7290108506167</ItemCode>
      <ItemType>1</ItemType>
      <ItemName>גבינה צהובה פרוסה 400 ג*</ItemName>
      <ManufactureName>ג.וילי פוד אינטרנשיונל בעמ</ManufactureName>
      <ManufactureCountry />
      <ManufactureItemDescription />
      <UnitQty>י"ח</UnitQty>
      <Quantity>400</Quantity>
      <UnitMeasure>ל  גרם</UnitMeasure>
      <BisWeighted>0</BisWeighted>
      <QtyInPackage>1</QtyInPackage>
      <ItemPrice>13.60</ItemPrice>
      <UnitOfMeasurePrice>3.40</UnitOfMeasurePrice>
      <AllowDiscount>0</AllowDiscount>
      <itemStatus>1</itemStatus>
      <LastUpdateDate />
      <LastUpdateTime />
    </Product>
    <Product>
      <PriceUpdateDate>2020/02/19 08:59</PriceUpdateDate>
      <ItemCode>7290108506419</ItemCode>
      <ItemType>1</ItemType>
      <ItemName>גבינה צהובה מגורדת 400 ג*</ItemName>
      <ManufactureName>ג.וילי פוד אינטרנשיונל בעמ</ManufactureName>
      <ManufactureCountry />
      <ManufactureItemDescription />
      <UnitQty>י"ח</UnitQty>
      <Quantity>400</Quantity>
      <UnitMeasure>ל  גרם</UnitMeasure>
      <BisWeighted>0</BisWeighted>
      <QtyInPackage>1</QtyInPackage>
      <ItemPrice>13.60</ItemPrice>
      <UnitOfMeasurePrice>3.40</UnitOfMeasurePrice>
      <AllowDiscount>0</AllowDiscount>
      <itemStatus>1</itemStatus>
      <LastUpdateDate />
      <LastUpdateTime />
    </Product>
    <Product>
      <PriceUpdateDate>2020/04/19 09:43</PriceUpdateDate>
      <ItemCode>7290108506426</ItemCode>
      <ItemType>1</ItemType>
      <ItemName> סימיט-בייגלה 400 גרם קפוא</ItemName>
      <ManufactureName>ג.וילי פוד אינטרנשיונל בעמ</ManufactureName>
      <ManufactureCountry />
      <ManufactureItemDescription />
      <UnitQty>י"ח</UnitQty>
      <Quantity>400</Quantity>
      <UnitMeasure>ל  גרם</UnitMeasure>
      <BisWeighted>0</BisWeighted>
      <QtyInPackage>1</QtyInPackage>
      <ItemPrice>17.90</ItemPrice>
      <UnitOfMeasurePrice>4.48</UnitOfMeasurePrice>
      <AllowDiscount>0</AllowDiscount>
      <itemStatus>1</itemStatus>
      <LastUpdateDate />
      <LastUpdateTime />
    </Product>
    <Product>
      <PriceUpdateDate>2020/04/16 13:45</PriceUpdateDate>
      <ItemCode>7290108506488</ItemCode>
      <ItemType>1</ItemType>
      <ItemName>סופלה שוקולד 200 גרם קפוא</ItemName>
      <ManufactureName>ג.וילי פוד אינטרנשיונל בעמ</ManufactureName>
      <ManufactureCountry />
      <ManufactureItemDescription />
      <UnitQty>י"ח</UnitQty>
      <Quantity>200</Quantity>
      <UnitMeasure>ל  גרם</UnitMeasure>
      <BisWeighted>0</BisWeighted>
      <QtyInPackage>1</QtyInPackage>
      <ItemPrice>17.90</ItemPrice>
      <UnitOfMeasurePrice>8.95</UnitOfMeasurePrice>
      <AllowDiscount>0</AllowDiscount>
      <itemStatus>1</itemStatus>
      <LastUpdateDate />
      <LastUpdateTime />
    </Product>
    <Product>
      <PriceUpdateDate>2020/03/17 08:32</PriceUpdateDate>
      <ItemCode>7290108506495</ItemCode>
      <ItemType>1</ItemType>
      <ItemName>כנאפה קפוא 192.5 גרם קפוא</ItemName>
      <ManufactureName>ג.וילי פוד אינטרנשיונל בעמ</ManufactureName>
      <ManufactureCountry />
      <ManufactureItemDescription />
      <UnitQty>י"ח</UnitQty>
      <Quantity>192</Quantity>
      <UnitMeasure>ל  גרם</UnitMeasure>
      <BisWeighted>0</BisWeighted>
      <QtyInPackage>1</QtyInPackage>
      <ItemPrice>14.90</ItemPrice>
      <UnitOfMeasurePrice>7.76</UnitOfMeasurePrice>
      <AllowDiscount>0</AllowDiscount>
      <itemStatus>1</itemStatus>
      <LastUpdateDate />
      <LastUpdateTime />
    </Product>
    <Product>
      <PriceUpdateDate>2020/04/27 08:18</PriceUpdateDate>
      <ItemCode>7290108506532</ItemCode>
      <ItemType>1</ItemType>
      <ItemName>גליליות וופל במילוי אגוזי לוז   400ג</ItemName>
      <ManufactureName>ג.וילי פוד אינטרנשיונל בעמ</ManufactureName>
      <ManufactureCountry />
      <ManufactureItemDescription />
      <UnitQty>י"ח</UnitQty>
      <Quantity>400</Quantity>
      <UnitMeasure>ל  גרם</UnitMeasure>
      <BisWeighted>0</BisWeighted>
      <QtyInPackage>1</QtyInPackage>
      <ItemPrice>13.90</ItemPrice>
      <UnitOfMeasurePrice>3.48</UnitOfMeasurePrice>
      <AllowDiscount>0</AllowDiscount>
      <itemStatus>1</itemStatus>
      <LastUpdateDate />
      <LastUpdateTime />
    </Product>
    <Product>
      <PriceUpdateDate>2020/04/27 08:18</PriceUpdateDate>
      <ItemCode>7290108506549</ItemCode>
      <ItemType>1</ItemType>
      <ItemName>גליליות וופל במילוי וניל 400ג</ItemName>
      <ManufactureName>ג.וילי פוד אינטרנשיונל בעמ</ManufactureName>
      <ManufactureCountry />
      <ManufactureItemDescription />
      <UnitQty>י"ח</UnitQty>
      <Quantity>400</Quantity>
      <UnitMeasure>ל  גרם</UnitMeasure>
      <BisWeighted>0</BisWeighted>
      <QtyInPackage>1</QtyInPackage>
      <ItemPrice>13.90</ItemPrice>
      <UnitOfMeasurePrice>3.48</UnitOfMeasurePrice>
      <AllowDiscount>0</AllowDiscount>
      <itemStatus>1</itemStatus>
      <LastUpdateDate />
      <LastUpdateTime />
    </Product>
    <Product>
      <PriceUpdateDate>2020/04/27 08:18</PriceUpdateDate>
      <ItemCode>7290108506631</ItemCode>
      <ItemType>1</ItemType>
      <ItemName>רביולי  גבינות 250ג</ItemName>
      <ManufactureName>ג.וילי פוד אינטרנשיונל בעמ</ManufactureName>
      <ManufactureCountry />
      <ManufactureItemDescription />
      <UnitQty>י"ח</UnitQty>
      <Quantity>250</Quantity>
      <UnitMeasure>ל  גרם</UnitMeasure>
      <BisWeighted>0</BisWeighted>
      <QtyInPackage>1</QtyInPackage>
      <ItemPrice>13.90</ItemPrice>
      <UnitOfMeasurePrice>5.56</UnitOfMeasurePrice>
      <AllowDiscount>0</AllowDiscount>
      <itemStatus>1</itemStatus>
      <LastUpdateDate />
      <LastUpdateTime />
    </Product>
    <Product>
      <PriceUpdateDate>2020/04/27 08:18</PriceUpdateDate>
      <ItemCode>7290108506648</ItemCode>
      <ItemType>1</ItemType>
      <ItemName>רביולי דלעת 250ג</ItemName>
      <ManufactureName>ג.וילי פוד אינטרנשיונל בעמ</ManufactureName>
      <ManufactureCountry />
      <ManufactureItemDescription />
      <UnitQty>י"ח</UnitQty>
      <Quantity>250</Quantity>
      <UnitMeasure>ל  גרם</UnitMeasure>
      <BisWeighted>0</BisWeighted>
      <QtyInPackage>1</QtyInPackage>
      <ItemPrice>13.90</ItemPrice>
      <UnitOfMeasurePrice>5.56</UnitOfMeasurePrice>
      <AllowDiscount>0</AllowDiscount>
      <itemStatus>1</itemStatus>
      <LastUpdateDate />
      <LastUpdateTime />
    </Product>
    <Product>
      <PriceUpdateDate>2020/04/27 08:18</PriceUpdateDate>
      <ItemCode>7290108506655</ItemCode>
      <ItemType>1</ItemType>
      <ItemName>רביולי ריקוטה ותרד  250ג</ItemName>
      <ManufactureName>ג.וילי פוד אינטרנשיונל בעמ</ManufactureName>
      <ManufactureCountry />
      <ManufactureItemDescription />
      <UnitQty>י"ח</UnitQty>
      <Quantity>250</Quantity>
      <UnitMeasure>ל  גרם</UnitMeasure>
      <BisWeighted>0</BisWeighted>
      <QtyInPackage>1</QtyInPackage>
      <ItemPrice>13.90</ItemPrice>
      <UnitOfMeasurePrice>5.56</UnitOfMeasurePrice>
      <AllowDiscount>0</AllowDiscount>
      <itemStatus>1</itemStatus>
      <LastUpdateDate />
      <LastUpdateTime />
    </Product>
    <Product>
      <PriceUpdateDate>2020/04/27 08:18</PriceUpdateDate>
      <ItemCode>7290108506662</ItemCode>
      <ItemType>1</ItemType>
      <ItemName>רביולי  פטריות 250ג</ItemName>
      <ManufactureName>ג.וילי פוד אינטרנשיונל בעמ</ManufactureName>
      <ManufactureCountry />
      <ManufactureItemDescription />
      <UnitQty>י"ח</UnitQty>
      <Quantity>250</Quantity>
      <UnitMeasure>ל  גרם</UnitMeasure>
      <BisWeighted>0</BisWeighted>
      <QtyInPackage>1</QtyInPackage>
      <ItemPrice>13.90</ItemPrice>
      <UnitOfMeasurePrice>5.56</UnitOfMeasurePrice>
      <AllowDiscount>0</AllowDiscount>
      <itemStatus>1</itemStatus>
      <LastUpdateDate />
      <LastUpdateTime />
    </Product>
    <Product>
      <PriceUpdateDate>2020/04/27 08:18</PriceUpdateDate>
      <ItemCode>7290108506679</ItemCode>
      <ItemType>1</ItemType>
      <ItemName>רביולי  חצילים ומוצרלה  250ג</ItemName>
      <ManufactureName>ג.וילי פוד אינטרנשיונל בעמ</ManufactureName>
      <ManufactureCountry />
      <ManufactureItemDescription />
      <UnitQty>י"ח</UnitQty>
      <Quantity>250</Quantity>
      <UnitMeasure>ל  גרם</UnitMeasure>
      <BisWeighted>0</BisWeighted>
      <QtyInPackage>1</QtyInPackage>
      <ItemPrice>13.90</ItemPrice>
      <UnitOfMeasurePrice>5.56</UnitOfMeasurePrice>
      <AllowDiscount>0</AllowDiscount>
      <itemStatus>1</itemStatus>
      <LastUpdateDate />
      <LastUpdateTime />
    </Product>
    <Product>
      <PriceUpdateDate>2020/04/27 08:18</PriceUpdateDate>
      <ItemCode>7290108506693</ItemCode>
      <ItemType>1</ItemType>
      <ItemName>גאודה סטייל פרוסות 400ג ויליפוד</ItemName>
      <ManufactureName>ג.וילי פוד אינטרנשיונל בעמ</ManufactureName>
      <ManufactureCountry />
      <ManufactureItemDescription />
      <UnitQty>י"ח</UnitQty>
      <Quantity>400</Quantity>
      <UnitMeasure>ל  גרם</UnitMeasure>
      <BisWeighted>0</BisWeighted>
      <QtyInPackage>1</QtyInPackage>
      <ItemPrice>15.90</ItemPrice>
      <UnitOfMeasurePrice>3.98</UnitOfMeasurePrice>
      <AllowDiscount>0</AllowDiscount>
      <itemStatus>1</itemStatus>
      <LastUpdateDate />
      <LastUpdateTime />
    </Product>
    <Product>
      <PriceUpdateDate>2020/04/27 08:18</PriceUpdateDate>
      <ItemCode>7290108506815</ItemCode>
      <ItemType>1</ItemType>
      <ItemName>גליליות וופל במילוי קרמל מלוח  400ג</ItemName>
      <ManufactureName>ג.וילי פוד אינטרנשיונל בעמ</ManufactureName>
      <ManufactureCountry />
      <ManufactureItemDescription />
      <UnitQty>י"ח</UnitQty>
      <Quantity>400</Quantity>
      <UnitMeasure>ל  גרם</UnitMeasure>
      <BisWeighted>0</BisWeighted>
      <QtyInPackage>1</QtyInPackage>
      <ItemPrice>13.90</ItemPrice>
      <UnitOfMeasurePrice>3.48</UnitOfMeasurePrice>
      <AllowDiscount>0</AllowDiscount>
      <itemStatus>1</itemStatus>
      <LastUpdateDate />
      <LastUpdateTime />
    </Product>
    <Product>
      <PriceUpdateDate>2020/04/27 08:18</PriceUpdateDate>
      <ItemCode>7290108506822</ItemCode>
      <ItemType>1</ItemType>
      <ItemName>ממרח יווני יוגורט עם מלפפון 200ג</ItemName>
      <ManufactureName>ג.וילי פוד אינטרנשיונל בעמ</ManufactureName>
      <ManufactureCountry />
      <ManufactureItemDescription />
      <UnitQty>י"ח</UnitQty>
      <Quantity>200</Quantity>
      <UnitMeasure>ל  גרם</UnitMeasure>
      <BisWeighted>0</BisWeighted>
      <QtyInPackage>1</QtyInPackage>
      <ItemPrice>7.90</ItemPrice>
      <UnitOfMeasurePrice>3.95</UnitOfMeasurePrice>
      <AllowDiscount>0</AllowDiscount>
      <itemStatus>1</itemStatus>
      <LastUpdateDate />
      <LastUpdateTime />
    </Product>
    <Product>
      <PriceUpdateDate>2020/04/27 08:18</PriceUpdateDate>
      <ItemCode>7290108506839</ItemCode>
      <ItemType>1</ItemType>
      <ItemName>ממרח יווני מופחת שומן לייט 200ג</ItemName>
      <ManufactureName>ג.וילי פוד אינטרנשיונל בעמ</ManufactureName>
      <ManufactureCountry />
      <ManufactureItemDescription />
      <UnitQty>י"ח</UnitQty>
      <Quantity>200</Quantity>
      <UnitMeasure>ל  גרם</UnitMeasure>
      <BisWeighted>0</BisWeighted>
      <QtyInPackage>1</QtyInPackage>
      <ItemPrice>10.40</ItemPrice>
      <UnitOfMeasurePrice>5.20</UnitOfMeasurePrice>
      <AllowDiscount>0</AllowDiscount>
      <itemStatus>1</itemStatus>
      <LastUpdateDate />
      <LastUpdateTime />
    </Product>
    <Product>
      <PriceUpdateDate>2020/04/27 08:18</PriceUpdateDate>
      <ItemCode>7290108506846</ItemCode>
      <ItemType>1</ItemType>
      <ItemName>ממרח יווני עם גבינת פטה  200ג</ItemName>
      <ManufactureName>ג.וילי פוד אינטרנשיונל בעמ</ManufactureName>
      <ManufactureCountry />
      <ManufactureItemDescription />
      <UnitQty>י"ח</UnitQty>
      <Quantity>200</Quantity>
      <UnitMeasure>ל  גרם</UnitMeasure>
      <BisWeighted>0</BisWeighted>
      <QtyInPackage>1</QtyInPackage>
      <ItemPrice>10.40</ItemPrice>
      <UnitOfMeasurePrice>5.20</UnitOfMeasurePrice>
      <AllowDiscount>0</AllowDiscount>
      <itemStatus>1</itemStatus>
      <LastUpdateDate />
      <LastUpdateTime />
    </Product>
    <Product>
      <PriceUpdateDate>2020/04/27 08:18</PriceUpdateDate>
      <ItemCode>7290108506853</ItemCode>
      <ItemType>1</ItemType>
      <ItemName>ממרח יווני עם גבינת פטהועובש כחול  200ג</ItemName>
      <ManufactureName>ג.וילי פוד אינטרנשיונל בעמ</ManufactureName>
      <ManufactureCountry />
      <ManufactureItemDescription />
      <UnitQty>י"ח</UnitQty>
      <Quantity>200</Quantity>
      <UnitMeasure>ל  גרם</UnitMeasure>
      <BisWeighted>0</BisWeighted>
      <QtyInPackage>1</QtyInPackage>
      <ItemPrice>10.40</ItemPrice>
      <UnitOfMeasurePrice>5.20</UnitOfMeasurePrice>
      <AllowDiscount>0</AllowDiscount>
      <itemStatus>1</itemStatus>
      <LastUpdateDate />
      <LastUpdateTime />
    </Product>
    <Product>
      <PriceUpdateDate>2020/04/27 08:18</PriceUpdateDate>
      <ItemCode>7290108506860</ItemCode>
      <ItemType>1</ItemType>
      <ItemName>ממרח יווני עם גבינת פטה ופלפלים  200ג</ItemName>
      <ManufactureName>ג.וילי פוד אינטרנשיונל בעמ</ManufactureName>
      <ManufactureCountry />
      <ManufactureItemDescription />
      <UnitQty>י"ח</UnitQty>
      <Quantity>200</Quantity>
      <UnitMeasure>ל  גרם</UnitMeasure>
      <BisWeighted>0</BisWeighted>
      <QtyInPackage>1</QtyInPackage>
      <ItemPrice>10.40</ItemPrice>
      <UnitOfMeasurePrice>5.20</UnitOfMeasurePrice>
      <AllowDiscount>0</AllowDiscount>
      <itemStatus>1</itemStatus>
      <LastUpdateDate />
      <LastUpdateTime />
    </Product>
    <Product>
      <PriceUpdateDate>2018/07/22 13:32</PriceUpdateDate>
      <ItemCode>7290108750812</ItemCode>
      <ItemType>1</ItemType>
      <ItemName>סחוג אדום 250גרם</ItemName>
      <ManufactureName>בידאני נתן</ManufactureName>
      <ManufactureCountry />
      <ManufactureItemDescription />
      <UnitQty>י"ח</UnitQty>
      <Quantity>150</Quantity>
      <UnitMeasure>ל  גרם</UnitMeasure>
      <BisWeighted>0</BisWeighted>
      <QtyInPackage>1</QtyInPackage>
      <ItemPrice>13.30</ItemPrice>
      <UnitOfMeasurePrice>8.87</UnitOfMeasurePrice>
      <AllowDiscount>0</AllowDiscount>
      <itemStatus>1</itemStatus>
      <LastUpdateDate />
      <LastUpdateTime />
    </Product>
    <Product>
      <PriceUpdateDate>2015/03/15 14:36</PriceUpdateDate>
      <ItemCode>7290108750911</ItemCode>
      <ItemType>1</ItemType>
      <ItemName>סחוג ירוק 250גרם</ItemName>
      <ManufactureName>בידאני נתן</ManufactureName>
      <ManufactureCountry />
      <ManufactureItemDescription />
      <UnitQty>י"ח</UnitQty>
      <Quantity>150</Quantity>
      <UnitMeasure>ל  גרם</UnitMeasure>
      <BisWeighted>0</BisWeighted>
      <QtyInPackage>1</QtyInPackage>
      <ItemPrice>13</ItemPrice>
      <UnitOfMeasurePrice>8.67</UnitOfMeasurePrice>
      <AllowDiscount>0</AllowDiscount>
      <itemStatus>1</itemStatus>
      <LastUpdateDate />
      <LastUpdateTime />
    </Product>
    <Product>
      <PriceUpdateDate>2018/07/22 13:38</PriceUpdateDate>
      <ItemCode>7290108751031</ItemCode>
      <ItemType>1</ItemType>
      <ItemName>אריסה מתוקה   250 גרם</ItemName>
      <ManufactureName>בידאני נתן</ManufactureName>
      <ManufactureCountry />
      <ManufactureItemDescription />
      <UnitQty>י"ח</UnitQty>
      <Quantity>250</Quantity>
      <UnitMeasure>ל  גרם</UnitMeasure>
      <BisWeighted>0</BisWeighted>
      <QtyInPackage>1</QtyInPackage>
      <ItemPrice>13.90</ItemPrice>
      <UnitOfMeasurePrice>5.56</UnitOfMeasurePrice>
      <AllowDiscount>0</AllowDiscount>
      <itemStatus>1</itemStatus>
      <LastUpdateDate />
      <LastUpdateTime />
    </Product>
    <Product>
      <PriceUpdateDate>2017/09/14 12:48</PriceUpdateDate>
      <ItemCode>7290108751901</ItemCode>
      <ItemType>1</ItemType>
      <ItemName>שום כתוש  250 גרם</ItemName>
      <ManufactureName>בידאני נתן</ManufactureName>
      <ManufactureCountry />
      <ManufactureItemDescription />
      <UnitQty>י"ח</UnitQty>
      <Quantity>250</Quantity>
      <UnitMeasure>ל  גרם</UnitMeasure>
      <BisWeighted>0</BisWeighted>
      <QtyInPackage>1</QtyInPackage>
      <ItemPrice>12.90</ItemPrice>
      <UnitOfMeasurePrice>5.16</UnitOfMeasurePrice>
      <AllowDiscount>0</AllowDiscount>
      <itemStatus>1</itemStatus>
      <LastUpdateDate />
      <LastUpdateTime />
    </Product>
    <Product>
      <PriceUpdateDate>2019/05/27 11:21</PriceUpdateDate>
      <ItemCode>7290108752007</ItemCode>
      <ItemType>1</ItemType>
      <ItemName>לימון כבוש 250 גרם</ItemName>
      <ManufactureName>בידאני נתן</ManufactureName>
      <ManufactureCountry />
      <ManufactureItemDescription />
      <UnitQty>י"ח</UnitQty>
      <Quantity>300</Quantity>
      <UnitMeasure>ל  גרם</UnitMeasure>
      <BisWeighted>0</BisWeighted>
      <QtyInPackage>1</QtyInPackage>
      <ItemPrice>14.90</ItemPrice>
      <UnitOfMeasurePrice>4.97</UnitOfMeasurePrice>
      <AllowDiscount>0</AllowDiscount>
      <itemStatus>1</itemStatus>
      <LastUpdateDate />
      <LastUpdateTime />
    </Product>
    <Product>
      <PriceUpdateDate>2019/07/03 08:11</PriceUpdateDate>
      <ItemCode>7290109351025</ItemCode>
      <ItemType>1</ItemType>
      <ItemName>חומוס טחינה 400ג צבר</ItemName>
      <ManufactureName>קבוצת אוסם סחר-שות.מוגבלת</ManufactureName>
      <ManufactureCountry />
      <ManufactureItemDescription />
      <UnitQty>י"ח</UnitQty>
      <Quantity>400</Quantity>
      <UnitMeasure>ל  גרם</UnitMeasure>
      <BisWeighted>0</BisWeighted>
      <QtyInPackage>1</QtyInPackage>
      <ItemPrice>13.90</ItemPrice>
      <UnitOfMeasurePrice>3.48</UnitOfMeasurePrice>
      <AllowDiscount>0</AllowDiscount>
      <itemStatus>1</itemStatus>
      <LastUpdateDate />
      <LastUpdateTime />
    </Product>
    <Product>
      <PriceUpdateDate>2018/02/12 15:21</PriceUpdateDate>
      <ItemCode>7290109351339</ItemCode>
      <ItemType>1</ItemType>
      <ItemName>אח של ביסלי  סלסה פיקנטית 55גר</ItemName>
      <ManufactureName>קבוצת אוסם סחר-שות.מוגבלת</ManufactureName>
      <ManufactureCountry />
      <ManufactureItemDescription />
      <UnitQty>י"ח</UnitQty>
      <Quantity>70</Quantity>
      <UnitMeasure>ל  גרם</UnitMeasure>
      <BisWeighted>0</BisWeighted>
      <QtyInPackage>1</QtyInPackage>
      <ItemPrice>3.90</ItemPrice>
      <UnitOfMeasurePrice>5.57</UnitOfMeasurePrice>
      <AllowDiscount>1</AllowDiscount>
      <itemStatus>1</itemStatus>
      <LastUpdateDate />
      <LastUpdateTime />
    </Product>
    <Product>
      <PriceUpdateDate>2016/12/14 17:00</PriceUpdateDate>
      <ItemCode>7290109351957</ItemCode>
      <ItemType>1</ItemType>
      <ItemName>פיטנס פריכיות גדולות 100גר</ItemName>
      <ManufactureName>קבוצת אוסם סחר-שות.מוגבלת</ManufactureName>
      <ManufactureCountry />
      <ManufactureItemDescription />
      <UnitQty>י"ח</UnitQty>
      <Quantity>100</Quantity>
      <UnitMeasure>ל  גרם</UnitMeasure>
      <BisWeighted>0</BisWeighted>
      <QtyInPackage>1</QtyInPackage>
      <ItemPrice>8.90</ItemPrice>
      <UnitOfMeasurePrice>8.90</UnitOfMeasurePrice>
      <AllowDiscount>0</AllowDiscount>
      <itemStatus>1</itemStatus>
      <LastUpdateDate />
      <LastUpdateTime />
    </Product>
    <Product>
      <PriceUpdateDate>2016/07/14 14:36</PriceUpdateDate>
      <ItemCode>7290109351971</ItemCode>
      <ItemType>1</ItemType>
      <ItemName>פיטנס בר פריכיות שוקולד חלב 84גר</ItemName>
      <ManufactureName>קבוצת אוסם סחר-שות.מוגבלת</ManufactureName>
      <ManufactureCountry />
      <ManufactureItemDescription />
      <UnitQty>י"ח</UnitQty>
      <Quantity>84</Quantity>
      <UnitMeasure>ל  גרם</UnitMeasure>
      <BisWeighted>0</BisWeighted>
      <QtyInPackage>1</QtyInPackage>
      <ItemPrice>13.90</ItemPrice>
      <UnitOfMeasurePrice>16.55</UnitOfMeasurePrice>
      <AllowDiscount>0</AllowDiscount>
      <itemStatus>1</itemStatus>
      <LastUpdateDate />
      <LastUpdateTime />
    </Product>
    <Product>
      <PriceUpdateDate>2016/07/14 14:36</PriceUpdateDate>
      <ItemCode>7290109352916</ItemCode>
      <ItemType>1</ItemType>
      <ItemName>פיטנס בר פריכיות שוקולד לבן 84גר</ItemName>
      <ManufactureName>קבוצת אוסם סחר-שות.מוגבלת</ManufactureName>
      <ManufactureCountry />
      <ManufactureItemDescription />
      <UnitQty>י"ח</UnitQty>
      <Quantity>84</Quantity>
      <UnitMeasure>ל  גרם</UnitMeasure>
      <BisWeighted>0</BisWeighted>
      <QtyInPackage>1</QtyInPackage>
      <ItemPrice>13.90</ItemPrice>
      <UnitOfMeasurePrice>16.55</UnitOfMeasurePrice>
      <AllowDiscount>0</AllowDiscount>
      <itemStatus>1</itemStatus>
      <LastUpdateDate />
      <LastUpdateTime />
    </Product>
    <Product>
      <PriceUpdateDate>2016/10/09 09:19</PriceUpdateDate>
      <ItemCode>7290109353494</ItemCode>
      <ItemType>1</ItemType>
      <ItemName>פרפקטו פארפאלה   500 גרם</ItemName>
      <ManufactureName>קבוצת אוסם סחר-שות.מוגבלת</ManufactureName>
      <ManufactureCountry />
      <ManufactureItemDescription />
      <UnitQty>י"ח</UnitQty>
      <Quantity>500</Quantity>
      <UnitMeasure>ל  גרם</UnitMeasure>
      <BisWeighted>0</BisWeighted>
      <QtyInPackage>1</QtyInPackage>
      <ItemPrice>6.90</ItemPrice>
      <UnitOfMeasurePrice>1.38</UnitOfMeasurePrice>
      <AllowDiscount>1</AllowDiscount>
      <itemStatus>1</itemStatus>
      <LastUpdateDate />
      <LastUpdateTime />
    </Product>
    <Product>
      <PriceUpdateDate>2016/10/09 09:20</PriceUpdateDate>
      <ItemCode>7290109353753</ItemCode>
      <ItemType>1</ItemType>
      <ItemName>פרפקטו ספירלי טריו   500 גרם</ItemName>
      <ManufactureName>קבוצת אוסם סחר-שות.מוגבלת</ManufactureName>
      <ManufactureCountry />
      <ManufactureItemDescription />
      <UnitQty>י"ח</UnitQty>
      <Quantity>500</Quantity>
      <UnitMeasure>ל  גרם</UnitMeasure>
      <BisWeighted>0</BisWeighted>
      <QtyInPackage>1</QtyInPackage>
      <ItemPrice>6.90</ItemPrice>
      <UnitOfMeasurePrice>1.38</UnitOfMeasurePrice>
      <AllowDiscount>1</AllowDiscount>
      <itemStatus>1</itemStatus>
      <LastUpdateDate />
      <LastUpdateTime />
    </Product>
    <Product>
      <PriceUpdateDate>2018/05/31 14:59</PriceUpdateDate>
      <ItemCode>7290109354101</ItemCode>
      <ItemType>1</ItemType>
      <ItemName>לחמית ללא גלוטן 200גר</ItemName>
      <ManufactureName>קבוצת אוסם סחר-שות.מוגבלת</ManufactureName>
      <ManufactureCountry />
      <ManufactureItemDescription />
      <UnitQty>י"ח</UnitQty>
      <Quantity>200</Quantity>
      <UnitMeasure>ל  גרם</UnitMeasure>
      <BisWeighted>0</BisWeighted>
      <QtyInPackage>1</QtyInPackage>
      <ItemPrice>8.90</ItemPrice>
      <UnitOfMeasurePrice>4.45</UnitOfMeasurePrice>
      <AllowDiscount>0</AllowDiscount>
      <itemStatus>1</itemStatus>
      <LastUpdateDate />
      <LastUpdateTime />
    </Product>
    <Product>
      <PriceUpdateDate>2016/11/14 14:12</PriceUpdateDate>
      <ItemCode>7290109354996</ItemCode>
      <ItemType>1</ItemType>
      <ItemName>פתי בר שוקו  ללא גלוטן 200גר</ItemName>
      <ManufactureName>קבוצת אוסם סחר-שות.מוגבלת</ManufactureName>
      <ManufactureCountry />
      <ManufactureItemDescription />
      <UnitQty>י"ח</UnitQty>
      <Quantity>200</Quantity>
      <UnitMeasure>ל  גרם</UnitMeasure>
      <BisWeighted>0</BisWeighted>
      <QtyInPackage>1</QtyInPackage>
      <ItemPrice>10.90</ItemPrice>
      <UnitOfMeasurePrice>5.45</UnitOfMeasurePrice>
      <AllowDiscount>0</AllowDiscount>
      <itemStatus>1</itemStatus>
      <LastUpdateDate />
      <LastUpdateTime />
    </Product>
    <Product>
      <PriceUpdateDate>2020/03/30 08:59</PriceUpdateDate>
      <ItemCode>7290109580005</ItemCode>
      <ItemType>1</ItemType>
      <ItemName>בורגר אנטריקוט עם פטריות יער 360ג.</ItemName>
      <ManufactureName>זוגלובק שיווק בעמ</ManufactureName>
      <ManufactureCountry />
      <ManufactureItemDescription />
      <UnitQty>י"ח</UnitQty>
      <Quantity>360</Quantity>
      <UnitMeasure>ל  גרם</UnitMeasure>
      <BisWeighted>0</BisWeighted>
      <QtyInPackage>1</QtyInPackage>
      <ItemPrice>25.90</ItemPrice>
      <UnitOfMeasurePrice>7.19</UnitOfMeasurePrice>
      <AllowDiscount>0</AllowDiscount>
      <itemStatus>1</itemStatus>
      <LastUpdateDate />
      <LastUpdateTime />
    </Product>
    <Product>
      <PriceUpdateDate>2020/03/30 08:59</PriceUpdateDate>
      <ItemCode>7290109580012</ItemCode>
      <ItemType>1</ItemType>
      <ItemName>בורגר אנטריקוט קלאסי  360ג.</ItemName>
      <ManufactureName>זוגלובק שיווק בעמ</ManufactureName>
      <ManufactureCountry />
      <ManufactureItemDescription />
      <UnitQty>י"ח</UnitQty>
      <Quantity>360</Quantity>
      <UnitMeasure>ל  גרם</UnitMeasure>
      <BisWeighted>0</BisWeighted>
      <QtyInPackage>1</QtyInPackage>
      <ItemPrice>25.90</ItemPrice>
      <UnitOfMeasurePrice>7.19</UnitOfMeasurePrice>
      <AllowDiscount>0</AllowDiscount>
      <itemStatus>1</itemStatus>
      <LastUpdateDate />
      <LastUpdateTime />
    </Product>
    <Product>
      <PriceUpdateDate>2020/03/30 08:59</PriceUpdateDate>
      <ItemCode>7290109580029</ItemCode>
      <ItemType>1</ItemType>
      <ItemName>בורגר אנטריקוט ספייסי ספרדי   360ג.</ItemName>
      <ManufactureName>זוגלובק שיווק בעמ</ManufactureName>
      <ManufactureCountry />
      <ManufactureItemDescription />
      <UnitQty>י"ח</UnitQty>
      <Quantity>360</Quantity>
      <UnitMeasure>ל  גרם</UnitMeasure>
      <BisWeighted>0</BisWeighted>
      <QtyInPackage>1</QtyInPackage>
      <ItemPrice>25.90</ItemPrice>
      <UnitOfMeasurePrice>7.19</UnitOfMeasurePrice>
      <AllowDiscount>0</AllowDiscount>
      <itemStatus>1</itemStatus>
      <LastUpdateDate />
      <LastUpdateTime />
    </Product>
    <Product>
      <PriceUpdateDate>2019/10/17 11:12</PriceUpdateDate>
      <ItemCode>7290109842745</ItemCode>
      <ItemType>1</ItemType>
      <ItemName>בירה מולר  500מ"ל כהל {%3.5א}</ItemName>
      <ManufactureName>בני פאוזי שמשום (2009) בעמ</ManufactureName>
      <ManufactureCountry />
      <ManufactureItemDescription />
      <UnitQty>י"ח</UnitQty>
      <Quantity>210</Quantity>
      <UnitMeasure>ל  מ"ל</UnitMeasure>
      <BisWeighted>0</BisWeighted>
      <QtyInPackage>1</QtyInPackage>
      <ItemPrice>4.50</ItemPrice>
      <UnitOfMeasurePrice>2</UnitOfMeasurePrice>
      <AllowDiscount>1</AllowDiscount>
      <itemStatus>1</itemStatus>
      <LastUpdateDate />
      <LastUpdateTime />
    </Product>
    <Product>
      <PriceUpdateDate>2017/12/20 10:52</PriceUpdateDate>
      <ItemCode>7290109920313</ItemCode>
      <ItemType>1</ItemType>
      <ItemName>אסטוניש מרסס מבריק שמשות</ItemName>
      <ManufactureName>יעקב יעקבי ובניו בעמ</ManufactureName>
      <ManufactureCountry />
      <ManufactureItemDescription />
      <UnitQty>י"ח</UnitQty>
      <Quantity>750</Quantity>
      <UnitMeasure>ל  מ"ל</UnitMeasure>
      <BisWeighted>0</BisWeighted>
      <QtyInPackage>1</QtyInPackage>
      <ItemPrice>17.90</ItemPrice>
      <UnitOfMeasurePrice>2.39</UnitOfMeasurePrice>
      <AllowDiscount>1</AllowDiscount>
      <itemStatus>1</itemStatus>
      <LastUpdateDate />
      <LastUpdateTime />
    </Product>
    <Product>
      <PriceUpdateDate>2018/01/30 13:18</PriceUpdateDate>
      <ItemCode>7290109920603</ItemCode>
      <ItemType>1</ItemType>
      <ItemName>אסטוניש  קרם מטבח 500 מ"ל</ItemName>
      <ManufactureName>יעקב יעקבי ובניו בעמ</ManufactureName>
      <ManufactureCountry />
      <ManufactureItemDescription />
      <UnitQty>י"ח</UnitQty>
      <Quantity>500</Quantity>
      <UnitMeasure>ל  מ"ל</UnitMeasure>
      <BisWeighted>0</BisWeighted>
      <QtyInPackage>1</QtyInPackage>
      <ItemPrice>11.90</ItemPrice>
      <UnitOfMeasurePrice>2.38</UnitOfMeasurePrice>
      <AllowDiscount>0</AllowDiscount>
      <itemStatus>1</itemStatus>
      <LastUpdateDate />
      <LastUpdateTime />
    </Product>
    <Product>
      <PriceUpdateDate>2018/03/05 11:18</PriceUpdateDate>
      <ItemCode>7290109920627</ItemCode>
      <ItemType>1</ItemType>
      <ItemName>אסטוניש  קרם אמבט 550+ניקוי אקונומיק 5</ItemName>
      <ManufactureName>יעקב יעקבי ובניו בעמ</ManufactureName>
      <ManufactureCountry />
      <ManufactureItemDescription />
      <UnitQty>י"ח</UnitQty>
      <Quantity>500</Quantity>
      <UnitMeasure>ל  מ"ל</UnitMeasure>
      <BisWeighted>0</BisWeighted>
      <QtyInPackage>1</QtyInPackage>
      <ItemPrice>11.90</ItemPrice>
      <UnitOfMeasurePrice>2.38</UnitOfMeasurePrice>
      <AllowDiscount>0</AllowDiscount>
      <itemStatus>1</itemStatus>
      <LastUpdateDate />
      <LastUpdateTime />
    </Product>
    <Product>
      <PriceUpdateDate>2017/12/20 10:55</PriceUpdateDate>
      <ItemCode>7290109920849</ItemCode>
      <ItemType>1</ItemType>
      <ItemName>אסטוניש מרסס תפוז לניקוי רב תכליתי</ItemName>
      <ManufactureName>יעקב יעקבי ובניו בעמ</ManufactureName>
      <ManufactureCountry />
      <ManufactureItemDescription />
      <UnitQty>י"ח</UnitQty>
      <Quantity>750</Quantity>
      <UnitMeasure>ל  מ"ל</UnitMeasure>
      <BisWeighted>0</BisWeighted>
      <QtyInPackage>1</QtyInPackage>
      <ItemPrice>17.90</ItemPrice>
      <UnitOfMeasurePrice>2.39</UnitOfMeasurePrice>
      <AllowDiscount>1</AllowDiscount>
      <itemStatus>1</itemStatus>
      <LastUpdateDate />
      <LastUpdateTime />
    </Product>
    <Product>
      <PriceUpdateDate>2019/02/17 18:12</PriceUpdateDate>
      <ItemCode>7290109921334</ItemCode>
      <ItemType>1</ItemType>
      <ItemName>אידאל קולור פרוטקט 15 דפי בד לכביסה.</ItemName>
      <ManufactureName>יעקב יעקבי ובניו בעמ</ManufactureName>
      <ManufactureCountry />
      <ManufactureItemDescription />
      <UnitQty>י"ח</UnitQty>
      <Quantity>1</Quantity>
      <UnitMeasure />
      <BisWeighted>0</BisWeighted>
      <QtyInPackage>1</QtyInPackage>
      <ItemPrice>20.10</ItemPrice>
      <UnitOfMeasurePrice>20.10</UnitOfMeasurePrice>
      <AllowDiscount>0</AllowDiscount>
      <itemStatus>1</itemStatus>
      <LastUpdateDate />
      <LastUpdateTime />
    </Product>
    <Product>
      <PriceUpdateDate>2017/06/22 09:23</PriceUpdateDate>
      <ItemCode>7290110050467</ItemCode>
      <ItemType>1</ItemType>
      <ItemName>בקבוק שתייה דגם שקוף 700מ"ל ספיידרמן</ItemName>
      <ManufactureName>שמחה זה אנחנו</ManufactureName>
      <ManufactureCountry />
      <ManufactureItemDescription />
      <UnitQty>י"ח</UnitQty>
      <Quantity>1</Quantity>
      <UnitMeasure />
      <BisWeighted>0</BisWeighted>
      <QtyInPackage>1</QtyInPackage>
      <ItemPrice>29.90</ItemPrice>
      <UnitOfMeasurePrice>29.90</UnitOfMeasurePrice>
      <AllowDiscount>0</AllowDiscount>
      <itemStatus>1</itemStatus>
      <LastUpdateDate />
      <LastUpdateTime />
    </Product>
    <Product>
      <PriceUpdateDate>2018/11/27 10:01</PriceUpdateDate>
      <ItemCode>7290110110017</ItemCode>
      <ItemType>1</ItemType>
      <ItemName>פאנטה תות 1.5 ל.</ItemName>
      <ManufactureName>חברה המרכזית להפצת משקאות בעמ</ManufactureName>
      <ManufactureCountry />
      <ManufactureItemDescription />
      <UnitQty>י"ח</UnitQty>
      <Quantity>1.50</Quantity>
      <UnitMeasure>ליטר</UnitMeasure>
      <BisWeighted>0</BisWeighted>
      <QtyInPackage>1</QtyInPackage>
      <ItemPrice>7</ItemPrice>
      <UnitOfMeasurePrice>4.67</UnitOfMeasurePrice>
      <AllowDiscount>0</AllowDiscount>
      <itemStatus>1</itemStatus>
      <LastUpdateDate />
      <LastUpdateTime />
    </Product>
    <Product>
      <PriceUpdateDate>2018/11/27 10:01</PriceUpdateDate>
      <ItemCode>7290110110024</ItemCode>
      <ItemType>1</ItemType>
      <ItemName>פחית קוקה פאנטה תות   סליק</ItemName>
      <ManufactureName>חברה המרכזית להפצת משקאות בעמ</ManufactureName>
      <ManufactureCountry />
      <ManufactureItemDescription />
      <UnitQty>י"ח</UnitQty>
      <Quantity>330</Quantity>
      <UnitMeasure>ל  מ"ל</UnitMeasure>
      <BisWeighted>0</BisWeighted>
      <QtyInPackage>1</QtyInPackage>
      <ItemPrice>4.20</ItemPrice>
      <UnitOfMeasurePrice>1.18</UnitOfMeasurePrice>
      <AllowDiscount>1</AllowDiscount>
      <itemStatus>1</itemStatus>
      <LastUpdateDate />
      <LastUpdateTime />
    </Product>
    <Product>
      <PriceUpdateDate>2018/11/27 10:01</PriceUpdateDate>
      <ItemCode>7290110110413</ItemCode>
      <ItemType>1</ItemType>
      <ItemName>פריגת צלול ענבים 1.5 ל</ItemName>
      <ManufactureName>חברה המרכזית להפצת משקאות בעמ</ManufactureName>
      <ManufactureCountry />
      <ManufactureItemDescription />
      <UnitQty>י"ח</UnitQty>
      <Quantity>1.50</Quantity>
      <UnitMeasure>ליטר</UnitMeasure>
      <BisWeighted>0</BisWeighted>
      <QtyInPackage>1</QtyInPackage>
      <ItemPrice>6.90</ItemPrice>
      <UnitOfMeasurePrice>4.60</UnitOfMeasurePrice>
      <AllowDiscount>1</AllowDiscount>
      <itemStatus>1</itemStatus>
      <LastUpdateDate />
      <LastUpdateTime />
    </Product>
    <Product>
      <PriceUpdateDate>2018/11/27 10:01</PriceUpdateDate>
      <ItemCode>7290110110420</ItemCode>
      <ItemType>1</ItemType>
      <ItemName>פריגת צלול תפוחים 1.5 ל</ItemName>
      <ManufactureName>חברה המרכזית להפצת משקאות בעמ</ManufactureName>
      <ManufactureCountry />
      <ManufactureItemDescription />
      <UnitQty>י"ח</UnitQty>
      <Quantity>1.50</Quantity>
      <UnitMeasure>ליטר</UnitMeasure>
      <BisWeighted>0</BisWeighted>
      <QtyInPackage>1</QtyInPackage>
      <ItemPrice>6.90</ItemPrice>
      <UnitOfMeasurePrice>4.60</UnitOfMeasurePrice>
      <AllowDiscount>1</AllowDiscount>
      <itemStatus>1</itemStatus>
      <LastUpdateDate />
      <LastUpdateTime />
    </Product>
    <Product>
      <PriceUpdateDate>2018/11/27 10:01</PriceUpdateDate>
      <ItemCode>7290110110444</ItemCode>
      <ItemType>1</ItemType>
      <ItemName>פריגת צלול אננס 1.5 ל</ItemName>
      <ManufactureName>חברה המרכזית להפצת משקאות בעמ</ManufactureName>
      <ManufactureCountry />
      <ManufactureItemDescription />
      <UnitQty>י"ח</UnitQty>
      <Quantity>1.50</Quantity>
      <UnitMeasure>ליטר</UnitMeasure>
      <BisWeighted>0</BisWeighted>
      <QtyInPackage>1</QtyInPackage>
      <ItemPrice>6.90</ItemPrice>
      <UnitOfMeasurePrice>4.60</UnitOfMeasurePrice>
      <AllowDiscount>1</AllowDiscount>
      <itemStatus>1</itemStatus>
      <LastUpdateDate />
      <LastUpdateTime />
    </Product>
    <Product>
      <PriceUpdateDate>2018/11/27 10:01</PriceUpdateDate>
      <ItemCode>7290110110598</ItemCode>
      <ItemType>1</ItemType>
      <ItemName>קוקה קולה ZIRO  לימון 1.5ל</ItemName>
      <ManufactureName>חברה המרכזית להפצת משקאות בעמ</ManufactureName>
      <ManufactureCountry />
      <ManufactureItemDescription />
      <UnitQty>י"ח</UnitQty>
      <Quantity>1.50</Quantity>
      <UnitMeasure>ליטר</UnitMeasure>
      <BisWeighted>0</BisWeighted>
      <QtyInPackage>1</QtyInPackage>
      <ItemPrice>7</ItemPrice>
      <UnitOfMeasurePrice>4.67</UnitOfMeasurePrice>
      <AllowDiscount>0</AllowDiscount>
      <itemStatus>1</itemStatus>
      <LastUpdateDate />
      <LastUpdateTime />
    </Product>
    <Product>
      <PriceUpdateDate>2018/11/27 10:01</PriceUpdateDate>
      <ItemCode>7290110110611</ItemCode>
      <ItemType>1</ItemType>
      <ItemName>ספרייט 1.5ליטר</ItemName>
      <ManufactureName>חברה המרכזית להפצת משקאות בעמ</ManufactureName>
      <ManufactureCountry />
      <ManufactureItemDescription />
      <UnitQty>י"ח</UnitQty>
      <Quantity>1.50</Quantity>
      <UnitMeasure>ליטר</UnitMeasure>
      <BisWeighted>0</BisWeighted>
      <QtyInPackage>1</QtyInPackage>
      <ItemPrice>7</ItemPrice>
      <UnitOfMeasurePrice>4.67</UnitOfMeasurePrice>
      <AllowDiscount>0</AllowDiscount>
      <itemStatus>1</itemStatus>
      <LastUpdateDate />
      <LastUpdateTime />
    </Product>
    <Product>
      <PriceUpdateDate>2018/11/27 10:01</PriceUpdateDate>
      <ItemCode>7290110110659</ItemCode>
      <ItemType>1</ItemType>
      <ItemName>פחית ספרייט 330מ"ל</ItemName>
      <ManufactureName>חברה המרכזית להפצת משקאות בעמ</ManufactureName>
      <ManufactureCountry />
      <ManufactureItemDescription />
      <UnitQty>י"ח</UnitQty>
      <Quantity>330</Quantity>
      <UnitMeasure>ל  מ"ל</UnitMeasure>
      <BisWeighted>0</BisWeighted>
      <QtyInPackage>1</QtyInPackage>
      <ItemPrice>4.20</ItemPrice>
      <UnitOfMeasurePrice>1.18</UnitOfMeasurePrice>
      <AllowDiscount>1</AllowDiscount>
      <itemStatus>1</itemStatus>
      <LastUpdateDate />
      <LastUpdateTime />
    </Product>
    <Product>
      <PriceUpdateDate>2018/12/02 11:44</PriceUpdateDate>
      <ItemCode>7290110111038</ItemCode>
      <ItemType>1</ItemType>
      <ItemName>קוקה קולה  1.5 ליטר(מארז  5+1)</ItemName>
      <ManufactureName>חברה המרכזית להפצת משקאות בעמ</ManufactureName>
      <ManufactureCountry />
      <ManufactureItemDescription />
      <UnitQty>י"ח</UnitQty>
      <Quantity>9</Quantity>
      <UnitMeasure>ליטר</UnitMeasure>
      <BisWeighted>0</BisWeighted>
      <QtyInPackage>1</QtyInPackage>
      <ItemPrice>32.90</ItemPrice>
      <UnitOfMeasurePrice>3.66</UnitOfMeasurePrice>
      <AllowDiscount>0</AllowDiscount>
      <itemStatus>1</itemStatus>
      <LastUpdateDate />
      <LastUpdateTime />
    </Product>
    <Product>
      <PriceUpdateDate>2019/07/17 08:54</PriceUpdateDate>
      <ItemCode>7290110112325</ItemCode>
      <ItemType>1</ItemType>
      <ItemName>פריגת משקל אננס קוקוס 1.5 ליטר</ItemName>
      <ManufactureName>חברה המרכזית להפצת משקאות בעמ</ManufactureName>
      <ManufactureCountry />
      <ManufactureItemDescription />
      <UnitQty>י"ח</UnitQty>
      <Quantity>1.50</Quantity>
      <UnitMeasure>ליטר</UnitMeasure>
      <BisWeighted>0</BisWeighted>
      <QtyInPackage>1</QtyInPackage>
      <ItemPrice>6.70</ItemPrice>
      <UnitOfMeasurePrice>4.47</UnitOfMeasurePrice>
      <AllowDiscount>1</AllowDiscount>
      <itemStatus>1</itemStatus>
      <LastUpdateDate />
      <LastUpdateTime />
    </Product>
    <Product>
      <PriceUpdateDate>2020/03/03 14:22</PriceUpdateDate>
      <ItemCode>7290110113513</ItemCode>
      <ItemType>1</ItemType>
      <ItemName>סטלה סטלה שישיה 330 מ"ל</ItemName>
      <ManufactureName>חברה המרכזית להפצת משקאות בעמ</ManufactureName>
      <ManufactureCountry />
      <ManufactureItemDescription />
      <UnitQty>י"ח</UnitQty>
      <Quantity>1.98</Quantity>
      <UnitMeasure>ליטר</UnitMeasure>
      <BisWeighted>0</BisWeighted>
      <QtyInPackage>1</QtyInPackage>
      <ItemPrice>44.90</ItemPrice>
      <UnitOfMeasurePrice>21.77</UnitOfMeasurePrice>
      <AllowDiscount>1</AllowDiscount>
      <itemStatus>1</itemStatus>
      <LastUpdateDate />
      <LastUpdateTime />
    </Product>
    <Product>
      <PriceUpdateDate>2020/01/02 12:29</PriceUpdateDate>
      <ItemCode>7290110320850</ItemCode>
      <ItemType>1</ItemType>
      <ItemName>פתיתי עמק 200ג</ItemName>
      <ManufactureName>תנובה בעמ ***</ManufactureName>
      <ManufactureCountry />
      <ManufactureItemDescription />
      <UnitQty>י"ח</UnitQty>
      <Quantity>200</Quantity>
      <UnitMeasure>ל  גרם</UnitMeasure>
      <BisWeighted>0</BisWeighted>
      <QtyInPackage>1</QtyInPackage>
      <ItemPrice>14.90</ItemPrice>
      <UnitOfMeasurePrice>7.45</UnitOfMeasurePrice>
      <AllowDiscount>0</AllowDiscount>
      <itemStatus>1</itemStatus>
      <LastUpdateDate />
      <LastUpdateTime />
    </Product>
    <Product>
      <PriceUpdateDate>2020/01/02 12:29</PriceUpdateDate>
      <ItemCode>7290110320935</ItemCode>
      <ItemType>1</ItemType>
      <ItemName>פרוסות מוצרלה 150ג</ItemName>
      <ManufactureName>תנובה בעמ ***</ManufactureName>
      <ManufactureCountry />
      <ManufactureItemDescription />
      <UnitQty>י"ח</UnitQty>
      <Quantity>150</Quantity>
      <UnitMeasure>ל  גרם</UnitMeasure>
      <BisWeighted>0</BisWeighted>
      <QtyInPackage>1</QtyInPackage>
      <ItemPrice>15.90</ItemPrice>
      <UnitOfMeasurePrice>10.60</UnitOfMeasurePrice>
      <AllowDiscount>0</AllowDiscount>
      <itemStatus>1</itemStatus>
      <LastUpdateDate />
      <LastUpdateTime />
    </Product>
    <Product>
      <PriceUpdateDate>2020/01/02 12:29</PriceUpdateDate>
      <ItemCode>7290110321048</ItemCode>
      <ItemType>1</ItemType>
      <ItemName>יופלה GO במתיקות מעודנת 200ג</ItemName>
      <ManufactureName>תנובה בעמ ***</ManufactureName>
      <ManufactureCountry />
      <ManufactureItemDescription />
      <UnitQty>י"ח</UnitQty>
      <Quantity>200</Quantity>
      <UnitMeasure>ל  גרם</UnitMeasure>
      <BisWeighted>0</BisWeighted>
      <QtyInPackage>1</QtyInPackage>
      <ItemPrice>4.90</ItemPrice>
      <UnitOfMeasurePrice>2.45</UnitOfMeasurePrice>
      <AllowDiscount>1</AllowDiscount>
      <itemStatus>1</itemStatus>
      <LastUpdateDate />
      <LastUpdateTime />
    </Product>
    <Product>
      <PriceUpdateDate>2018/09/12 15:03</PriceUpdateDate>
      <ItemCode>7290110321222</ItemCode>
      <ItemType>1</ItemType>
      <ItemName>YOLO מעדן שוק. לבן קרם פטיסייר ופטל</ItemName>
      <ManufactureName>תנובה בעמ ***</ManufactureName>
      <ManufactureCountry />
      <ManufactureItemDescription />
      <UnitQty>י"ח</UnitQty>
      <Quantity>123</Quantity>
      <UnitMeasure>ל  מ"ל</UnitMeasure>
      <BisWeighted>0</BisWeighted>
      <QtyInPackage>1</QtyInPackage>
      <ItemPrice>4.50</ItemPrice>
      <UnitOfMeasurePrice>3.66</UnitOfMeasurePrice>
      <AllowDiscount>1</AllowDiscount>
      <itemStatus>1</itemStatus>
      <LastUpdateDate />
      <LastUpdateTime />
    </Product>
    <Product>
      <PriceUpdateDate>2020/01/02 12:29</PriceUpdateDate>
      <ItemCode>7290110321246</ItemCode>
      <ItemType>1</ItemType>
      <ItemName>פרילי אפרסק 125 מ"ל</ItemName>
      <ManufactureName>תנובה בעמ ***</ManufactureName>
      <ManufactureCountry />
      <ManufactureItemDescription />
      <UnitQty>י"ח</UnitQty>
      <Quantity>125</Quantity>
      <UnitMeasure>ל  מ"ל</UnitMeasure>
      <BisWeighted>0</BisWeighted>
      <QtyInPackage>1</QtyInPackage>
      <ItemPrice>3.30</ItemPrice>
      <UnitOfMeasurePrice>2.64</UnitOfMeasurePrice>
      <AllowDiscount>0</AllowDiscount>
      <itemStatus>1</itemStatus>
      <LastUpdateDate />
      <LastUpdateTime />
    </Product>
    <Product>
      <PriceUpdateDate>2020/01/02 12:29</PriceUpdateDate>
      <ItemCode>7290110321277</ItemCode>
      <ItemType>1</ItemType>
      <ItemName>קוטג  5% תנובה 100 גרם מהדרין</ItemName>
      <ManufactureName>תנובה בעמ ***</ManufactureName>
      <ManufactureCountry />
      <ManufactureItemDescription />
      <UnitQty>י"ח</UnitQty>
      <Quantity>100</Quantity>
      <UnitMeasure>ל  גרם</UnitMeasure>
      <BisWeighted>0</BisWeighted>
      <QtyInPackage>1</QtyInPackage>
      <ItemPrice>2.50</ItemPrice>
      <UnitOfMeasurePrice>2.50</UnitOfMeasurePrice>
      <AllowDiscount>0</AllowDiscount>
      <itemStatus>1</itemStatus>
      <LastUpdateDate />
      <LastUpdateTime />
    </Product>
    <Product>
      <PriceUpdateDate>2020/01/02 12:29</PriceUpdateDate>
      <ItemCode>7290110321284</ItemCode>
      <ItemType>1</ItemType>
      <ItemName>קוטג  9% תנובה 100 גרם מהדרין</ItemName>
      <ManufactureName>תנובה בעמ ***</ManufactureName>
      <ManufactureCountry />
      <ManufactureItemDescription />
      <UnitQty>י"ח</UnitQty>
      <Quantity>100</Quantity>
      <UnitMeasure>ל  גרם</UnitMeasure>
      <BisWeighted>0</BisWeighted>
      <QtyInPackage>1</QtyInPackage>
      <ItemPrice>2.50</ItemPrice>
      <UnitOfMeasurePrice>2.50</UnitOfMeasurePrice>
      <AllowDiscount>0</AllowDiscount>
      <itemStatus>1</itemStatus>
      <LastUpdateDate />
      <LastUpdateTime />
    </Product>
    <Product>
      <PriceUpdateDate>2020/01/02 12:29</PriceUpdateDate>
      <ItemCode>7290110321505</ItemCode>
      <ItemType>1</ItemType>
      <ItemName>דיאט יופלה קוקוס 0%</ItemName>
      <ManufactureName>תנובה בעמ ***</ManufactureName>
      <ManufactureCountry />
      <ManufactureItemDescription />
      <UnitQty>י"ח</UnitQty>
      <Quantity>150</Quantity>
      <UnitMeasure>ל  מ"ל</UnitMeasure>
      <BisWeighted>0</BisWeighted>
      <QtyInPackage>1</QtyInPackage>
      <ItemPrice>4.80</ItemPrice>
      <UnitOfMeasurePrice>3.20</UnitOfMeasurePrice>
      <AllowDiscount>0</AllowDiscount>
      <itemStatus>1</itemStatus>
      <LastUpdateDate />
      <LastUpdateTime />
    </Product>
    <Product>
      <PriceUpdateDate>2020/01/02 12:29</PriceUpdateDate>
      <ItemCode>7290110321680</ItemCode>
      <ItemType>1</ItemType>
      <ItemName>יופלה תות  GO 200ג</ItemName>
      <ManufactureName>תנובה בעמ ***</ManufactureName>
      <ManufactureCountry />
      <ManufactureItemDescription />
      <UnitQty>י"ח</UnitQty>
      <Quantity>200</Quantity>
      <UnitMeasure>ל  גרם</UnitMeasure>
      <BisWeighted>0</BisWeighted>
      <QtyInPackage>1</QtyInPackage>
      <ItemPrice>5.50</ItemPrice>
      <UnitOfMeasurePrice>2.75</UnitOfMeasurePrice>
      <AllowDiscount>1</AllowDiscount>
      <itemStatus>1</itemStatus>
      <LastUpdateDate />
      <LastUpdateTime />
    </Product>
    <Product>
      <PriceUpdateDate>2020/01/02 12:29</PriceUpdateDate>
      <ItemCode>7290110321703</ItemCode>
      <ItemType>1</ItemType>
      <ItemName>יופלה GO פירות יער 200ג</ItemName>
      <ManufactureName>תנובה בעמ ***</ManufactureName>
      <ManufactureCountry />
      <ManufactureItemDescription />
      <UnitQty>י"ח</UnitQty>
      <Quantity>200</Quantity>
      <UnitMeasure>ל  גרם</UnitMeasure>
      <BisWeighted>0</BisWeighted>
      <QtyInPackage>1</QtyInPackage>
      <ItemPrice>5.50</ItemPrice>
      <UnitOfMeasurePrice>2.75</UnitOfMeasurePrice>
      <AllowDiscount>1</AllowDiscount>
      <itemStatus>1</itemStatus>
      <LastUpdateDate />
      <LastUpdateTime />
    </Product>
    <Product>
      <PriceUpdateDate>2020/01/02 12:29</PriceUpdateDate>
      <ItemCode>7290110321789</ItemCode>
      <ItemType>1</ItemType>
      <ItemName>גבינה  מסקרפונה 38% 250ג השף הלבן</ItemName>
      <ManufactureName>תנובה בעמ ***</ManufactureName>
      <ManufactureCountry />
      <ManufactureItemDescription />
      <UnitQty>י"ח</UnitQty>
      <Quantity>250</Quantity>
      <UnitMeasure>ל  גרם</UnitMeasure>
      <BisWeighted>0</BisWeighted>
      <QtyInPackage>1</QtyInPackage>
      <ItemPrice>18.90</ItemPrice>
      <UnitOfMeasurePrice>7.56</UnitOfMeasurePrice>
      <AllowDiscount>0</AllowDiscount>
      <itemStatus>1</itemStatus>
      <LastUpdateDate />
      <LastUpdateTime />
    </Product>
    <Product>
      <PriceUpdateDate>2018/10/23 13:19</PriceUpdateDate>
      <ItemCode>7290110322946</ItemCode>
      <ItemType>1</ItemType>
      <ItemName>יופלה טיוב יוגורט  תות בננה  348ג</ItemName>
      <ManufactureName>תנובה בעמ ***</ManufactureName>
      <ManufactureCountry />
      <ManufactureItemDescription />
      <UnitQty>י"ח</UnitQty>
      <Quantity>348</Quantity>
      <UnitMeasure>ל  מ"ל</UnitMeasure>
      <BisWeighted>0</BisWeighted>
      <QtyInPackage>1</QtyInPackage>
      <ItemPrice>11.90</ItemPrice>
      <UnitOfMeasurePrice>3.42</UnitOfMeasurePrice>
      <AllowDiscount>1</AllowDiscount>
      <itemStatus>1</itemStatus>
      <LastUpdateDate />
      <LastUpdateTime />
    </Product>
    <Product>
      <PriceUpdateDate>2020/01/02 12:29</PriceUpdateDate>
      <ItemCode>7290110323066</ItemCode>
      <ItemType>1</ItemType>
      <ItemName>משקה יוגורט מעושר עם בננה ואפרסק</ItemName>
      <ManufactureName>תנובה בעמ ***</ManufactureName>
      <ManufactureCountry />
      <ManufactureItemDescription />
      <UnitQty>י"ח</UnitQty>
      <Quantity>250</Quantity>
      <UnitMeasure>ל  מ"ל</UnitMeasure>
      <BisWeighted>0</BisWeighted>
      <QtyInPackage>1</QtyInPackage>
      <ItemPrice>5.90</ItemPrice>
      <UnitOfMeasurePrice>2.36</UnitOfMeasurePrice>
      <AllowDiscount>0</AllowDiscount>
      <itemStatus>1</itemStatus>
      <LastUpdateDate />
      <LastUpdateTime />
    </Product>
    <Product>
      <PriceUpdateDate>2020/01/02 12:29</PriceUpdateDate>
      <ItemCode>7290110323226</ItemCode>
      <ItemType>1</ItemType>
      <ItemName>יוגורט GO מעושר עם  שוקולד 170ג</ItemName>
      <ManufactureName>תנובה בעמ ***</ManufactureName>
      <ManufactureCountry />
      <ManufactureItemDescription />
      <UnitQty>י"ח</UnitQty>
      <Quantity>170</Quantity>
      <UnitMeasure>ל  מ"ל</UnitMeasure>
      <BisWeighted>0</BisWeighted>
      <QtyInPackage>1</QtyInPackage>
      <ItemPrice>5.90</ItemPrice>
      <UnitOfMeasurePrice>3.47</UnitOfMeasurePrice>
      <AllowDiscount>0</AllowDiscount>
      <itemStatus>1</itemStatus>
      <LastUpdateDate />
      <LastUpdateTime />
    </Product>
    <Product>
      <PriceUpdateDate>2020/01/02 12:29</PriceUpdateDate>
      <ItemCode>7290110323585</ItemCode>
      <ItemType>1</ItemType>
      <ItemName>יופלה דודבן  GO 200ג.</ItemName>
      <ManufactureName>תנובה בעמ ***</ManufactureName>
      <ManufactureCountry />
      <ManufactureItemDescription />
      <UnitQty>י"ח</UnitQty>
      <Quantity>200</Quantity>
      <UnitMeasure>ל  גרם</UnitMeasure>
      <BisWeighted>0</BisWeighted>
      <QtyInPackage>1</QtyInPackage>
      <ItemPrice>5.50</ItemPrice>
      <UnitOfMeasurePrice>2.75</UnitOfMeasurePrice>
      <AllowDiscount>1</AllowDiscount>
      <itemStatus>1</itemStatus>
      <LastUpdateDate />
      <LastUpdateTime />
    </Product>
    <Product>
      <PriceUpdateDate>2020/01/02 12:29</PriceUpdateDate>
      <ItemCode>7290110323592</ItemCode>
      <ItemType>1</ItemType>
      <ItemName>יופלה אפרסק  GO 200ג.</ItemName>
      <ManufactureName>תנובה בעמ ***</ManufactureName>
      <ManufactureCountry />
      <ManufactureItemDescription />
      <UnitQty>י"ח</UnitQty>
      <Quantity>200</Quantity>
      <UnitMeasure>ל  גרם</UnitMeasure>
      <BisWeighted>0</BisWeighted>
      <QtyInPackage>1</QtyInPackage>
      <ItemPrice>5.50</ItemPrice>
      <UnitOfMeasurePrice>2.75</UnitOfMeasurePrice>
      <AllowDiscount>1</AllowDiscount>
      <itemStatus>1</itemStatus>
      <LastUpdateDate />
      <LastUpdateTime />
    </Product>
    <Product>
      <PriceUpdateDate>2020/01/02 12:29</PriceUpdateDate>
      <ItemCode>7290110323608</ItemCode>
      <ItemType>1</ItemType>
      <ItemName>יופלה פירות יער  GO 200ג.</ItemName>
      <ManufactureName>תנובה בעמ ***</ManufactureName>
      <ManufactureCountry />
      <ManufactureItemDescription />
      <UnitQty>י"ח</UnitQty>
      <Quantity>200</Quantity>
      <UnitMeasure>ל  גרם</UnitMeasure>
      <BisWeighted>0</BisWeighted>
      <QtyInPackage>1</QtyInPackage>
      <ItemPrice>5.50</ItemPrice>
      <UnitOfMeasurePrice>2.75</UnitOfMeasurePrice>
      <AllowDiscount>1</AllowDiscount>
      <itemStatus>1</itemStatus>
      <LastUpdateDate />
      <LastUpdateTime />
    </Product>
    <Product>
      <PriceUpdateDate>2020/01/02 12:29</PriceUpdateDate>
      <ItemCode>7290110324353</ItemCode>
      <ItemType>1</ItemType>
      <ItemName>יופלה GO לייט טעם אננס</ItemName>
      <ManufactureName>תנובה בעמ ***</ManufactureName>
      <ManufactureCountry />
      <ManufactureItemDescription />
      <UnitQty>י"ח</UnitQty>
      <Quantity>200</Quantity>
      <UnitMeasure>ל  גרם</UnitMeasure>
      <BisWeighted>0</BisWeighted>
      <QtyInPackage>1</QtyInPackage>
      <ItemPrice>5.50</ItemPrice>
      <UnitOfMeasurePrice>2.75</UnitOfMeasurePrice>
      <AllowDiscount>1</AllowDiscount>
      <itemStatus>1</itemStatus>
      <LastUpdateDate />
      <LastUpdateTime />
    </Product>
    <Product>
      <PriceUpdateDate>2020/01/12 09:20</PriceUpdateDate>
      <ItemCode>7290110324407</ItemCode>
      <ItemType>1</ItemType>
      <ItemName>עמק נגיעות טוסקנה 200ג</ItemName>
      <ManufactureName>תנובה בעמ ***</ManufactureName>
      <ManufactureCountry />
      <ManufactureItemDescription />
      <UnitQty>י"ח</UnitQty>
      <Quantity>200</Quantity>
      <UnitMeasure>ל  גרם</UnitMeasure>
      <BisWeighted>0</BisWeighted>
      <QtyInPackage>1</QtyInPackage>
      <ItemPrice>17.90</ItemPrice>
      <UnitOfMeasurePrice>8.95</UnitOfMeasurePrice>
      <AllowDiscount>0</AllowDiscount>
      <itemStatus>1</itemStatus>
      <LastUpdateDate />
      <LastUpdateTime />
    </Product>
    <Product>
      <PriceUpdateDate>2020/01/20 09:40</PriceUpdateDate>
      <ItemCode>7290110324414</ItemCode>
      <ItemType>1</ItemType>
      <ItemName>עמק נגיעות פרובנס 200ג</ItemName>
      <ManufactureName>תנובה בעמ ***</ManufactureName>
      <ManufactureCountry />
      <ManufactureItemDescription />
      <UnitQty>י"ח</UnitQty>
      <Quantity>200</Quantity>
      <UnitMeasure>ל  גרם</UnitMeasure>
      <BisWeighted>0</BisWeighted>
      <QtyInPackage>1</QtyInPackage>
      <ItemPrice>17.90</ItemPrice>
      <UnitOfMeasurePrice>8.95</UnitOfMeasurePrice>
      <AllowDiscount>0</AllowDiscount>
      <itemStatus>1</itemStatus>
      <LastUpdateDate />
      <LastUpdateTime />
    </Product>
    <Product>
      <PriceUpdateDate>2019/04/15 09:38</PriceUpdateDate>
      <ItemCode>7290110324551</ItemCode>
      <ItemType>1</ItemType>
      <ItemName>יופלה טיוב יוגורט  תות   348ג</ItemName>
      <ManufactureName>תנובה בעמ ***</ManufactureName>
      <ManufactureCountry />
      <ManufactureItemDescription />
      <UnitQty>י"ח</UnitQty>
      <Quantity>348</Quantity>
      <UnitMeasure>ל  מ"ל</UnitMeasure>
      <BisWeighted>0</BisWeighted>
      <QtyInPackage>1</QtyInPackage>
      <ItemPrice>11.90</ItemPrice>
      <UnitOfMeasurePrice>3.42</UnitOfMeasurePrice>
      <AllowDiscount>1</AllowDiscount>
      <itemStatus>1</itemStatus>
      <LastUpdateDate />
      <LastUpdateTime />
    </Product>
    <Product>
      <PriceUpdateDate>2019/08/27 13:00</PriceUpdateDate>
      <ItemCode>7290110324605</ItemCode>
      <ItemType>1</ItemType>
      <ItemName>יופלה יוגורט בכוס כם קשית אלפחורס</ItemName>
      <ManufactureName>תנובה בעמ ***</ManufactureName>
      <ManufactureCountry />
      <ManufactureItemDescription />
      <UnitQty>י"ח</UnitQty>
      <Quantity>200</Quantity>
      <UnitMeasure>ל  מ"ל</UnitMeasure>
      <BisWeighted>0</BisWeighted>
      <QtyInPackage>1</QtyInPackage>
      <ItemPrice>5.90</ItemPrice>
      <UnitOfMeasurePrice>2.95</UnitOfMeasurePrice>
      <AllowDiscount>1</AllowDiscount>
      <itemStatus>1</itemStatus>
      <LastUpdateDate />
      <LastUpdateTime />
    </Product>
    <Product>
      <PriceUpdateDate>2019/08/27 13:00</PriceUpdateDate>
      <ItemCode>7290110324612</ItemCode>
      <ItemType>1</ItemType>
      <ItemName>יופלה יוגורט בכוס כם קשית תות בשמנת 2%</ItemName>
      <ManufactureName>תנובה בעמ ***</ManufactureName>
      <ManufactureCountry />
      <ManufactureItemDescription />
      <UnitQty>י"ח</UnitQty>
      <Quantity>200</Quantity>
      <UnitMeasure>ל  מ"ל</UnitMeasure>
      <BisWeighted>0</BisWeighted>
      <QtyInPackage>1</QtyInPackage>
      <ItemPrice>5.90</ItemPrice>
      <UnitOfMeasurePrice>2.95</UnitOfMeasurePrice>
      <AllowDiscount>1</AllowDiscount>
      <itemStatus>1</itemStatus>
      <LastUpdateDate />
      <LastUpdateTime />
    </Product>
    <Product>
      <PriceUpdateDate>2019/08/27 13:00</PriceUpdateDate>
      <ItemCode>7290110324636</ItemCode>
      <ItemType>1</ItemType>
      <ItemName>יופלה יוגורט בכוס כם קשית פירות יער</ItemName>
      <ManufactureName>תנובה בעמ ***</ManufactureName>
      <ManufactureCountry />
      <ManufactureItemDescription />
      <UnitQty>י"ח</UnitQty>
      <Quantity>200</Quantity>
      <UnitMeasure>ל  מ"ל</UnitMeasure>
      <BisWeighted>0</BisWeighted>
      <QtyInPackage>1</QtyInPackage>
      <ItemPrice>5.90</ItemPrice>
      <UnitOfMeasurePrice>2.95</UnitOfMeasurePrice>
      <AllowDiscount>1</AllowDiscount>
      <itemStatus>1</itemStatus>
      <LastUpdateDate />
      <LastUpdateTime />
    </Product>
    <Product>
      <PriceUpdateDate>2019/12/23 15:59</PriceUpdateDate>
      <ItemCode>7290110324872</ItemCode>
      <ItemType>1</ItemType>
      <ItemName>גלבוע  5% שומן 200ג</ItemName>
      <ManufactureName>תנובה בעמ ***</ManufactureName>
      <ManufactureCountry />
      <ManufactureItemDescription />
      <UnitQty>י"ח</UnitQty>
      <Quantity>200</Quantity>
      <UnitMeasure>ל  גרם</UnitMeasure>
      <BisWeighted>0</BisWeighted>
      <QtyInPackage>1</QtyInPackage>
      <ItemPrice>17.90</ItemPrice>
      <UnitOfMeasurePrice>8.95</UnitOfMeasurePrice>
      <AllowDiscount>0</AllowDiscount>
      <itemStatus>1</itemStatus>
      <LastUpdateDate />
      <LastUpdateTime />
    </Product>
    <Product>
      <PriceUpdateDate>2020/01/02 12:29</PriceUpdateDate>
      <ItemCode>7290110324926</ItemCode>
      <ItemType>1</ItemType>
      <ItemName>משקה סויה לל"ס 1 ל`</ItemName>
      <ManufactureName>תנובה בעמ ***</ManufactureName>
      <ManufactureCountry />
      <ManufactureItemDescription />
      <UnitQty>י"ח</UnitQty>
      <Quantity>1</Quantity>
      <UnitMeasure>ליטר</UnitMeasure>
      <BisWeighted>0</BisWeighted>
      <QtyInPackage>1</QtyInPackage>
      <ItemPrice>9.90</ItemPrice>
      <UnitOfMeasurePrice>9.90</UnitOfMeasurePrice>
      <AllowDiscount>1</AllowDiscount>
      <itemStatus>1</itemStatus>
      <LastUpdateDate />
      <LastUpdateTime />
    </Product>
    <Product>
      <PriceUpdateDate>2019/08/13 12:55</PriceUpdateDate>
      <ItemCode>7290110325084</ItemCode>
      <ItemType>1</ItemType>
      <ItemName>מאגדת שמינייה מיני קרלו שונל</ItemName>
      <ManufactureName>תנובה בעמ ***</ManufactureName>
      <ManufactureCountry />
      <ManufactureItemDescription />
      <UnitQty>י"ח</UnitQty>
      <Quantity>800</Quantity>
      <UnitMeasure>ל  מ"ל</UnitMeasure>
      <BisWeighted>0</BisWeighted>
      <QtyInPackage>1</QtyInPackage>
      <ItemPrice>13.90</ItemPrice>
      <UnitOfMeasurePrice>1.74</UnitOfMeasurePrice>
      <AllowDiscount>1</AllowDiscount>
      <itemStatus>1</itemStatus>
      <LastUpdateDate />
      <LastUpdateTime />
    </Product>
    <Product>
      <PriceUpdateDate>2020/04/19 09:42</PriceUpdateDate>
      <ItemCode>7290110325169</ItemCode>
      <ItemType>1</ItemType>
      <ItemName>גאודה פרוסות 170ג</ItemName>
      <ManufactureName>תנובה בעמ ***</ManufactureName>
      <ManufactureCountry />
      <ManufactureItemDescription />
      <UnitQty>י"ח</UnitQty>
      <Quantity>170</Quantity>
      <UnitMeasure>ל  גרם</UnitMeasure>
      <BisWeighted>0</BisWeighted>
      <QtyInPackage>1</QtyInPackage>
      <ItemPrice>17.90</ItemPrice>
      <UnitOfMeasurePrice>10.53</UnitOfMeasurePrice>
      <AllowDiscount>0</AllowDiscount>
      <itemStatus>1</itemStatus>
      <LastUpdateDate />
      <LastUpdateTime />
    </Product>
    <Product>
      <PriceUpdateDate>2019/12/16 07:28</PriceUpdateDate>
      <ItemCode>7290110325244</ItemCode>
      <ItemType>1</ItemType>
      <ItemName>גלבוע  דק דק 12% שומן 200ג</ItemName>
      <ManufactureName>תנובה בעמ ***</ManufactureName>
      <ManufactureCountry />
      <ManufactureItemDescription />
      <UnitQty>י"ח</UnitQty>
      <Quantity>200</Quantity>
      <UnitMeasure>ל  גרם</UnitMeasure>
      <BisWeighted>0</BisWeighted>
      <QtyInPackage>1</QtyInPackage>
      <ItemPrice>15.90</ItemPrice>
      <UnitOfMeasurePrice>7.95</UnitOfMeasurePrice>
      <AllowDiscount>0</AllowDiscount>
      <itemStatus>1</itemStatus>
      <LastUpdateDate />
      <LastUpdateTime />
    </Product>
    <Product>
      <PriceUpdateDate>2019/12/16 07:28</PriceUpdateDate>
      <ItemCode>7290110325510</ItemCode>
      <ItemType>1</ItemType>
      <ItemName>יופלה טיוב יוגורט  וניל 348ג</ItemName>
      <ManufactureName>תנובה בעמ ***</ManufactureName>
      <ManufactureCountry />
      <ManufactureItemDescription />
      <UnitQty>י"ח</UnitQty>
      <Quantity>348</Quantity>
      <UnitMeasure>ל  מ"ל</UnitMeasure>
      <BisWeighted>0</BisWeighted>
      <QtyInPackage>1</QtyInPackage>
      <ItemPrice>11.90</ItemPrice>
      <UnitOfMeasurePrice>3.42</UnitOfMeasurePrice>
      <AllowDiscount>1</AllowDiscount>
      <itemStatus>1</itemStatus>
      <LastUpdateDate />
      <LastUpdateTime />
    </Product>
    <Product>
      <PriceUpdateDate>2020/01/20 09:40</PriceUpdateDate>
      <ItemCode>7290110325725</ItemCode>
      <ItemType>1</ItemType>
      <ItemName>יופלה GO 150ג לייט עם תות</ItemName>
      <ManufactureName>תנובה בעמ ***</ManufactureName>
      <ManufactureCountry />
      <ManufactureItemDescription />
      <UnitQty>י"ח</UnitQty>
      <Quantity>150</Quantity>
      <UnitMeasure>ל  גרם</UnitMeasure>
      <BisWeighted>0</BisWeighted>
      <QtyInPackage>1</QtyInPackage>
      <ItemPrice>4.90</ItemPrice>
      <UnitOfMeasurePrice>3.27</UnitOfMeasurePrice>
      <AllowDiscount>0</AllowDiscount>
      <itemStatus>1</itemStatus>
      <LastUpdateDate />
      <LastUpdateTime />
    </Product>
    <Product>
      <PriceUpdateDate>2020/01/20 09:40</PriceUpdateDate>
      <ItemCode>7290110325732</ItemCode>
      <ItemType>1</ItemType>
      <ItemName>יופלה GO 150ג לייט עם קוקוס</ItemName>
      <ManufactureName>תנובה בעמ ***</ManufactureName>
      <ManufactureCountry />
      <ManufactureItemDescription />
      <UnitQty>י"ח</UnitQty>
      <Quantity>150</Quantity>
      <UnitMeasure>ל  גרם</UnitMeasure>
      <BisWeighted>0</BisWeighted>
      <QtyInPackage>1</QtyInPackage>
      <ItemPrice>4.90</ItemPrice>
      <UnitOfMeasurePrice>3.27</UnitOfMeasurePrice>
      <AllowDiscount>0</AllowDiscount>
      <itemStatus>1</itemStatus>
      <LastUpdateDate />
      <LastUpdateTime />
    </Product>
    <Product>
      <PriceUpdateDate>2018/12/17 12:14</PriceUpdateDate>
      <ItemCode>7290110560300</ItemCode>
      <ItemType>1</ItemType>
      <ItemName>פריכיות המשולשות פלפל שחור 30גר</ItemName>
      <ManufactureName>שטראוס גרופ בעמ</ManufactureName>
      <ManufactureCountry />
      <ManufactureItemDescription />
      <UnitQty>י"ח</UnitQty>
      <Quantity>30</Quantity>
      <UnitMeasure>ל  גרם</UnitMeasure>
      <BisWeighted>0</BisWeighted>
      <QtyInPackage>1</QtyInPackage>
      <ItemPrice>4.90</ItemPrice>
      <UnitOfMeasurePrice>16.33</UnitOfMeasurePrice>
      <AllowDiscount>0</AllowDiscount>
      <itemStatus>1</itemStatus>
      <LastUpdateDate />
      <LastUpdateTime />
    </Product>
    <Product>
      <PriceUpdateDate>2018/12/17 12:14</PriceUpdateDate>
      <ItemCode>7290110560317</ItemCode>
      <ItemType>1</ItemType>
      <ItemName>פריכיות המשולשות מלח ים 30גר</ItemName>
      <ManufactureName>שטראוס גרופ בעמ</ManufactureName>
      <ManufactureCountry />
      <ManufactureItemDescription />
      <UnitQty>י"ח</UnitQty>
      <Quantity>30</Quantity>
      <UnitMeasure>ל  גרם</UnitMeasure>
      <BisWeighted>0</BisWeighted>
      <QtyInPackage>1</QtyInPackage>
      <ItemPrice>4.90</ItemPrice>
      <UnitOfMeasurePrice>16.33</UnitOfMeasurePrice>
      <AllowDiscount>0</AllowDiscount>
      <itemStatus>1</itemStatus>
      <LastUpdateDate />
      <LastUpdateTime />
    </Product>
    <Product>
      <PriceUpdateDate>2018/12/17 12:14</PriceUpdateDate>
      <ItemCode>7290110560324</ItemCode>
      <ItemType>1</ItemType>
      <ItemName>פריכיות המשולשות אפונה ירוקה 30גר</ItemName>
      <ManufactureName>שטראוס גרופ בעמ</ManufactureName>
      <ManufactureCountry />
      <ManufactureItemDescription />
      <UnitQty>י"ח</UnitQty>
      <Quantity>30</Quantity>
      <UnitMeasure>ל  גרם</UnitMeasure>
      <BisWeighted>0</BisWeighted>
      <QtyInPackage>1</QtyInPackage>
      <ItemPrice>4.90</ItemPrice>
      <UnitOfMeasurePrice>16.33</UnitOfMeasurePrice>
      <AllowDiscount>0</AllowDiscount>
      <itemStatus>1</itemStatus>
      <LastUpdateDate />
      <LastUpdateTime />
    </Product>
    <Product>
      <PriceUpdateDate>2019/07/02 13:43</PriceUpdateDate>
      <ItemCode>7290110561352</ItemCode>
      <ItemType>1</ItemType>
      <ItemName>דנונה דל לקטוז 200גר</ItemName>
      <ManufactureName>שטראוס גרופ ***בעמ</ManufactureName>
      <ManufactureCountry />
      <ManufactureItemDescription />
      <UnitQty>י"ח</UnitQty>
      <Quantity>200</Quantity>
      <UnitMeasure>ל  מ"ל</UnitMeasure>
      <BisWeighted>0</BisWeighted>
      <QtyInPackage>1</QtyInPackage>
      <ItemPrice>3.50</ItemPrice>
      <UnitOfMeasurePrice>1.75</UnitOfMeasurePrice>
      <AllowDiscount>0</AllowDiscount>
      <itemStatus>1</itemStatus>
      <LastUpdateDate />
      <LastUpdateTime />
    </Product>
    <Product>
      <PriceUpdateDate>2018/04/22 11:48</PriceUpdateDate>
      <ItemCode>7290110561543</ItemCode>
      <ItemType>1</ItemType>
      <ItemName>דנונה פרו טריפל זירו וניל 0%  150גר</ItemName>
      <ManufactureName>שטראוס גרופ ***בעמ</ManufactureName>
      <ManufactureCountry />
      <ManufactureItemDescription />
      <UnitQty>י"ח</UnitQty>
      <Quantity>150</Quantity>
      <UnitMeasure>ל  מ"ל</UnitMeasure>
      <BisWeighted>0</BisWeighted>
      <QtyInPackage>1</QtyInPackage>
      <ItemPrice>4.60</ItemPrice>
      <UnitOfMeasurePrice>3.07</UnitOfMeasurePrice>
      <AllowDiscount>0</AllowDiscount>
      <itemStatus>1</itemStatus>
      <LastUpdateDate />
      <LastUpdateTime />
    </Product>
    <Product>
      <PriceUpdateDate>2018/02/13 15:28</PriceUpdateDate>
      <ItemCode>7290110561604</ItemCode>
      <ItemType>1</ItemType>
      <ItemName>מארז גמדים תות בננה שמינייה</ItemName>
      <ManufactureName>שטראוס גרופ ***בעמ</ManufactureName>
      <ManufactureCountry />
      <ManufactureItemDescription />
      <UnitQty>י"ח</UnitQty>
      <Quantity>800</Quantity>
      <UnitMeasure>ל  גרם</UnitMeasure>
      <BisWeighted>0</BisWeighted>
      <QtyInPackage>1</QtyInPackage>
      <ItemPrice>18.90</ItemPrice>
      <UnitOfMeasurePrice>2.36</UnitOfMeasurePrice>
      <AllowDiscount>0</AllowDiscount>
      <itemStatus>1</itemStatus>
      <LastUpdateDate />
      <LastUpdateTime />
    </Product>
    <Product>
      <PriceUpdateDate>2019/02/17 18:12</PriceUpdateDate>
      <ItemCode>7290110563431</ItemCode>
      <ItemType>1</ItemType>
      <ItemName>משקה קפה קר בסגנון קלאסי 1.6%230גר</ItemName>
      <ManufactureName>שטראוס גרופ ***בעמ</ManufactureName>
      <ManufactureCountry />
      <ManufactureItemDescription />
      <UnitQty>י"ח</UnitQty>
      <Quantity>230</Quantity>
      <UnitMeasure>ל  מ"ל</UnitMeasure>
      <BisWeighted>0</BisWeighted>
      <QtyInPackage>1</QtyInPackage>
      <ItemPrice>7.90</ItemPrice>
      <UnitOfMeasurePrice>3.43</UnitOfMeasurePrice>
      <AllowDiscount>0</AllowDiscount>
      <itemStatus>1</itemStatus>
      <LastUpdateDate />
      <LastUpdateTime />
    </Product>
    <Product>
      <PriceUpdateDate>2019/02/17 18:12</PriceUpdateDate>
      <ItemCode>7290110563448</ItemCode>
      <ItemType>1</ItemType>
      <ItemName>משקה קפה קר בסגנון מעודן 1.6%230גר</ItemName>
      <ManufactureName>שטראוס גרופ ***בעמ</ManufactureName>
      <ManufactureCountry />
      <ManufactureItemDescription />
      <UnitQty>י"ח</UnitQty>
      <Quantity>230</Quantity>
      <UnitMeasure>ל  מ"ל</UnitMeasure>
      <BisWeighted>0</BisWeighted>
      <QtyInPackage>1</QtyInPackage>
      <ItemPrice>7.90</ItemPrice>
      <UnitOfMeasurePrice>3.43</UnitOfMeasurePrice>
      <AllowDiscount>0</AllowDiscount>
      <itemStatus>1</itemStatus>
      <LastUpdateDate />
      <LastUpdateTime />
    </Product>
    <Product>
      <PriceUpdateDate>2019/03/17 09:20</PriceUpdateDate>
      <ItemCode>7290110563462</ItemCode>
      <ItemType>1</ItemType>
      <ItemName>חלב נטול לקטוז 2% בקבוק 1ליטר</ItemName>
      <ManufactureName>שטראוס גרופ ***בעמ</ManufactureName>
      <ManufactureCountry />
      <ManufactureItemDescription />
      <UnitQty>י"ח</UnitQty>
      <Quantity>1</Quantity>
      <UnitMeasure>ליטר</UnitMeasure>
      <BisWeighted>0</BisWeighted>
      <QtyInPackage>1</QtyInPackage>
      <ItemPrice>8.20</ItemPrice>
      <UnitOfMeasurePrice>8.20</UnitOfMeasurePrice>
      <AllowDiscount>0</AllowDiscount>
      <itemStatus>1</itemStatus>
      <LastUpdateDate />
      <LastUpdateTime />
    </Product>
    <Product>
      <PriceUpdateDate>2017/12/14 14:29</PriceUpdateDate>
      <ItemCode>7290110563486</ItemCode>
      <ItemType>1</ItemType>
      <ItemName>חלב 1ל מועשר בחלבון PRO</ItemName>
      <ManufactureName>שטראוס גרופ ***בעמ</ManufactureName>
      <ManufactureCountry />
      <ManufactureItemDescription />
      <UnitQty>י"ח</UnitQty>
      <Quantity>1</Quantity>
      <UnitMeasure>ליטר</UnitMeasure>
      <BisWeighted>0</BisWeighted>
      <QtyInPackage>1</QtyInPackage>
      <ItemPrice>9.40</ItemPrice>
      <UnitOfMeasurePrice>9.40</UnitOfMeasurePrice>
      <AllowDiscount>0</AllowDiscount>
      <itemStatus>1</itemStatus>
      <LastUpdateDate />
      <LastUpdateTime />
    </Product>
    <Product>
      <PriceUpdateDate>2019/02/11 11:20</PriceUpdateDate>
      <ItemCode>7290110563851</ItemCode>
      <ItemType>1</ItemType>
      <ItemName>מאגדת אנרג`י מאגדת ת.חלב 2018</ItemName>
      <ManufactureName>שטראוס גרופ בעמ</ManufactureName>
      <ManufactureCountry />
      <ManufactureItemDescription />
      <UnitQty>י"ח</UnitQty>
      <Quantity>156</Quantity>
      <UnitMeasure>ל  גרם</UnitMeasure>
      <BisWeighted>0</BisWeighted>
      <QtyInPackage>1</QtyInPackage>
      <ItemPrice>12.90</ItemPrice>
      <UnitOfMeasurePrice>8.27</UnitOfMeasurePrice>
      <AllowDiscount>0</AllowDiscount>
      <itemStatus>1</itemStatus>
      <LastUpdateDate />
      <LastUpdateTime />
    </Product>
    <Product>
      <PriceUpdateDate>2019/02/11 11:20</PriceUpdateDate>
      <ItemCode>7290110563912</ItemCode>
      <ItemType>1</ItemType>
      <ItemName>מאגדת אנרג`י  מאג מיקס אגוזים 156ג</ItemName>
      <ManufactureName>שטראוס גרופ בעמ</ManufactureName>
      <ManufactureCountry />
      <ManufactureItemDescription />
      <UnitQty>י"ח</UnitQty>
      <Quantity>156</Quantity>
      <UnitMeasure>ל  גרם</UnitMeasure>
      <BisWeighted>0</BisWeighted>
      <QtyInPackage>1</QtyInPackage>
      <ItemPrice>12.90</ItemPrice>
      <UnitOfMeasurePrice>8.27</UnitOfMeasurePrice>
      <AllowDiscount>0</AllowDiscount>
      <itemStatus>1</itemStatus>
      <LastUpdateDate />
      <LastUpdateTime />
    </Product>
    <Product>
      <PriceUpdateDate>2018/02/13 15:36</PriceUpdateDate>
      <ItemCode>7290110564339</ItemCode>
      <ItemType>1</ItemType>
      <ItemName>חומוס עשיר ב% -30טחינה 400גר`</ItemName>
      <ManufactureName>שטראוס גרופ ***בעמ</ManufactureName>
      <ManufactureCountry />
      <ManufactureItemDescription />
      <UnitQty>י"ח</UnitQty>
      <Quantity>400</Quantity>
      <UnitMeasure>ל  גרם</UnitMeasure>
      <BisWeighted>0</BisWeighted>
      <QtyInPackage>1</QtyInPackage>
      <ItemPrice>12.90</ItemPrice>
      <UnitOfMeasurePrice>3.23</UnitOfMeasurePrice>
      <AllowDiscount>0</AllowDiscount>
      <itemStatus>1</itemStatus>
      <LastUpdateDate />
      <LastUpdateTime />
    </Product>
    <Product>
      <PriceUpdateDate>2019/09/26 14:07</PriceUpdateDate>
      <ItemCode>7290110564346</ItemCode>
      <ItemType>1</ItemType>
      <ItemName>בלונדי שוקולד קרם בראוניז 100גר</ItemName>
      <ManufactureName>שטראוס גרופ בעמ</ManufactureName>
      <ManufactureCountry />
      <ManufactureItemDescription />
      <UnitQty>י"ח</UnitQty>
      <Quantity>100</Quantity>
      <UnitMeasure>ל  גרם</UnitMeasure>
      <BisWeighted>0</BisWeighted>
      <QtyInPackage>1</QtyInPackage>
      <ItemPrice>6.90</ItemPrice>
      <UnitOfMeasurePrice>6.90</UnitOfMeasurePrice>
      <AllowDiscount>1</AllowDiscount>
      <itemStatus>1</itemStatus>
      <LastUpdateDate />
      <LastUpdateTime />
    </Product>
    <Product>
      <PriceUpdateDate>2019/09/26 14:07</PriceUpdateDate>
      <ItemCode>7290110564353</ItemCode>
      <ItemType>1</ItemType>
      <ItemName>בלונדי שוקולד קרם אגוזי לוז 100גר</ItemName>
      <ManufactureName>שטראוס גרופ בעמ</ManufactureName>
      <ManufactureCountry />
      <ManufactureItemDescription />
      <UnitQty>י"ח</UnitQty>
      <Quantity>100</Quantity>
      <UnitMeasure>ל  גרם</UnitMeasure>
      <BisWeighted>0</BisWeighted>
      <QtyInPackage>1</QtyInPackage>
      <ItemPrice>6.90</ItemPrice>
      <UnitOfMeasurePrice>6.90</UnitOfMeasurePrice>
      <AllowDiscount>1</AllowDiscount>
      <itemStatus>1</itemStatus>
      <LastUpdateDate />
      <LastUpdateTime />
    </Product>
    <Product>
      <PriceUpdateDate>2018/06/14 17:25</PriceUpdateDate>
      <ItemCode>7290110564360</ItemCode>
      <ItemType>1</ItemType>
      <ItemName>חומוס עשיר ב% -40טחינה 400גר`</ItemName>
      <ManufactureName>שטראוס גרופ ***בעמ</ManufactureName>
      <ManufactureCountry />
      <ManufactureItemDescription />
      <UnitQty>י"ח</UnitQty>
      <Quantity>400</Quantity>
      <UnitMeasure>ל  גרם</UnitMeasure>
      <BisWeighted>0</BisWeighted>
      <QtyInPackage>1</QtyInPackage>
      <ItemPrice>12.90</ItemPrice>
      <UnitOfMeasurePrice>3.23</UnitOfMeasurePrice>
      <AllowDiscount>0</AllowDiscount>
      <itemStatus>1</itemStatus>
      <LastUpdateDate />
      <LastUpdateTime />
    </Product>
    <Product>
      <PriceUpdateDate>2018/02/13 15:52</PriceUpdateDate>
      <ItemCode>7290110564414</ItemCode>
      <ItemType>1</ItemType>
      <ItemName>חומוס עשיר  ב-30% טחינה גולמית 600גר`</ItemName>
      <ManufactureName>שטראוס גרופ ***בעמ</ManufactureName>
      <ManufactureCountry />
      <ManufactureItemDescription />
      <UnitQty>י"ח</UnitQty>
      <Quantity>600</Quantity>
      <UnitMeasure>ל  גרם</UnitMeasure>
      <BisWeighted>0</BisWeighted>
      <QtyInPackage>1</QtyInPackage>
      <ItemPrice>15.90</ItemPrice>
      <UnitOfMeasurePrice>2.65</UnitOfMeasurePrice>
      <AllowDiscount>0</AllowDiscount>
      <itemStatus>1</itemStatus>
      <LastUpdateDate />
      <LastUpdateTime />
    </Product>
    <Product>
      <PriceUpdateDate>2019/02/17 18:12</PriceUpdateDate>
      <ItemCode>7290110564742</ItemCode>
      <ItemType>1</ItemType>
      <ItemName>משקה קפה קר בסגנון חזק 1.2%230גר</ItemName>
      <ManufactureName>שטראוס גרופ ***בעמ</ManufactureName>
      <ManufactureCountry />
      <ManufactureItemDescription />
      <UnitQty>י"ח</UnitQty>
      <Quantity>230</Quantity>
      <UnitMeasure>ל  מ"ל</UnitMeasure>
      <BisWeighted>0</BisWeighted>
      <QtyInPackage>1</QtyInPackage>
      <ItemPrice>7.90</ItemPrice>
      <UnitOfMeasurePrice>3.43</UnitOfMeasurePrice>
      <AllowDiscount>0</AllowDiscount>
      <itemStatus>1</itemStatus>
      <LastUpdateDate />
      <LastUpdateTime />
    </Product>
    <Product>
      <PriceUpdateDate>2020/01/14 10:37</PriceUpdateDate>
      <ItemCode>7290110564919</ItemCode>
      <ItemType>1</ItemType>
      <ItemName>דנונה מתיקות מעודנת לל"ס וממתיק 150גר</ItemName>
      <ManufactureName>שטראוס גרופ ***בעמ</ManufactureName>
      <ManufactureCountry />
      <ManufactureItemDescription />
      <UnitQty>י"ח</UnitQty>
      <Quantity>150</Quantity>
      <UnitMeasure>ל  גרם</UnitMeasure>
      <BisWeighted>0</BisWeighted>
      <QtyInPackage>1</QtyInPackage>
      <ItemPrice>3.70</ItemPrice>
      <UnitOfMeasurePrice>2.47</UnitOfMeasurePrice>
      <AllowDiscount>0</AllowDiscount>
      <itemStatus>1</itemStatus>
      <LastUpdateDate />
      <LastUpdateTime />
    </Product>
    <Product>
      <PriceUpdateDate>2018/01/18 17:13</PriceUpdateDate>
      <ItemCode>7290110565435</ItemCode>
      <ItemType>1</ItemType>
      <ItemName>לימבו פטל 125גרם</ItemName>
      <ManufactureName>שטראוס גרופ ***בעמ</ManufactureName>
      <ManufactureCountry />
      <ManufactureItemDescription />
      <UnitQty>י"ח</UnitQty>
      <Quantity>125</Quantity>
      <UnitMeasure>ל  גרם</UnitMeasure>
      <BisWeighted>0</BisWeighted>
      <QtyInPackage>1</QtyInPackage>
      <ItemPrice>2.40</ItemPrice>
      <UnitOfMeasurePrice>1.92</UnitOfMeasurePrice>
      <AllowDiscount>0</AllowDiscount>
      <itemStatus>1</itemStatus>
      <LastUpdateDate />
      <LastUpdateTime />
    </Product>
    <Product>
      <PriceUpdateDate>2018/06/13 08:29</PriceUpdateDate>
      <ItemCode>7290110565497</ItemCode>
      <ItemType>1</ItemType>
      <ItemName>משקה יוטבתה פרו קפה לל"ס לשתיה  250מ"ל</ItemName>
      <ManufactureName>שטראוס גרופ ***בעמ</ManufactureName>
      <ManufactureCountry />
      <ManufactureItemDescription />
      <UnitQty>י"ח</UnitQty>
      <Quantity>250</Quantity>
      <UnitMeasure>ל  גרם</UnitMeasure>
      <BisWeighted>0</BisWeighted>
      <QtyInPackage>1</QtyInPackage>
      <ItemPrice>4.80</ItemPrice>
      <UnitOfMeasurePrice>1.92</UnitOfMeasurePrice>
      <AllowDiscount>0</AllowDiscount>
      <itemStatus>1</itemStatus>
      <LastUpdateDate />
      <LastUpdateTime />
    </Product>
    <Product>
      <PriceUpdateDate>2017/12/10 15:35</PriceUpdateDate>
      <ItemCode>7290110565527</ItemCode>
      <ItemType>1</ItemType>
      <ItemName>דנונה פרו 20גר חלבון</ItemName>
      <ManufactureName>שטראוס גרופ ***בעמ</ManufactureName>
      <ManufactureCountry />
      <ManufactureItemDescription />
      <UnitQty>י"ח</UnitQty>
      <Quantity>20</Quantity>
      <UnitMeasure>ל  מ"ל</UnitMeasure>
      <BisWeighted>0</BisWeighted>
      <QtyInPackage>1</QtyInPackage>
      <ItemPrice>5.90</ItemPrice>
      <UnitOfMeasurePrice>29.50</UnitOfMeasurePrice>
      <AllowDiscount>0</AllowDiscount>
      <itemStatus>1</itemStatus>
      <LastUpdateDate />
      <LastUpdateTime />
    </Product>
    <Product>
      <PriceUpdateDate>2019/07/22 10:36</PriceUpdateDate>
      <ItemCode>7290110565572</ItemCode>
      <ItemType>1</ItemType>
      <ItemName>מארז קפה טורקי לדרך עם הל 168גר`</ItemName>
      <ManufactureName>שטראוס גרופ בעמ</ManufactureName>
      <ManufactureCountry />
      <ManufactureItemDescription />
      <UnitQty>י"ח</UnitQty>
      <Quantity>168</Quantity>
      <UnitMeasure>ל  גרם</UnitMeasure>
      <BisWeighted>0</BisWeighted>
      <QtyInPackage>1</QtyInPackage>
      <ItemPrice>18.80</ItemPrice>
      <UnitOfMeasurePrice>11.19</UnitOfMeasurePrice>
      <AllowDiscount>0</AllowDiscount>
      <itemStatus>1</itemStatus>
      <LastUpdateDate />
      <LastUpdateTime />
    </Product>
    <Product>
      <PriceUpdateDate>2019/04/16 16:58</PriceUpdateDate>
      <ItemCode>7290110565664</ItemCode>
      <ItemType>1</ItemType>
      <ItemName>עוגת בראוניס שוקולד מריר עם קרם</ItemName>
      <ManufactureName>שטראוס גרופ בעמ</ManufactureName>
      <ManufactureCountry />
      <ManufactureItemDescription />
      <UnitQty>י"ח</UnitQty>
      <Quantity>380</Quantity>
      <UnitMeasure>ל  גרם</UnitMeasure>
      <BisWeighted>0</BisWeighted>
      <QtyInPackage>1</QtyInPackage>
      <ItemPrice>16.90</ItemPrice>
      <UnitOfMeasurePrice>4.45</UnitOfMeasurePrice>
      <AllowDiscount>0</AllowDiscount>
      <itemStatus>1</itemStatus>
      <LastUpdateDate />
      <LastUpdateTime />
    </Product>
    <Product>
      <PriceUpdateDate>2019/01/09 16:09</PriceUpdateDate>
      <ItemCode>7290110566623</ItemCode>
      <ItemType>1</ItemType>
      <ItemName>קפסולות קולומביה 08 למכונת נספרסו</ItemName>
      <ManufactureName>שטראוס גרופ בעמ</ManufactureName>
      <ManufactureCountry />
      <ManufactureItemDescription />
      <UnitQty>י"ח</UnitQty>
      <Quantity>50</Quantity>
      <UnitMeasure>ל  גרם</UnitMeasure>
      <BisWeighted>0</BisWeighted>
      <QtyInPackage>1</QtyInPackage>
      <ItemPrice>17.90</ItemPrice>
      <UnitOfMeasurePrice>35.80</UnitOfMeasurePrice>
      <AllowDiscount>1</AllowDiscount>
      <itemStatus>1</itemStatus>
      <LastUpdateDate />
      <LastUpdateTime />
    </Product>
    <Product>
      <PriceUpdateDate>2018/05/14 16:26</PriceUpdateDate>
      <ItemCode>7290110566975</ItemCode>
      <ItemType>1</ItemType>
      <ItemName>דנונה פרו 20גר  תות</ItemName>
      <ManufactureName>שטראוס גרופ ***בעמ</ManufactureName>
      <ManufactureCountry />
      <ManufactureItemDescription />
      <UnitQty>י"ח</UnitQty>
      <Quantity>20</Quantity>
      <UnitMeasure>ל  מ"ל</UnitMeasure>
      <BisWeighted>0</BisWeighted>
      <QtyInPackage>1</QtyInPackage>
      <ItemPrice>5.90</ItemPrice>
      <UnitOfMeasurePrice>29.50</UnitOfMeasurePrice>
      <AllowDiscount>0</AllowDiscount>
      <itemStatus>1</itemStatus>
      <LastUpdateDate />
      <LastUpdateTime />
    </Product>
    <Product>
      <PriceUpdateDate>2018/11/12 08:31</PriceUpdateDate>
      <ItemCode>7290110567064</ItemCode>
      <ItemType>1</ItemType>
      <ItemName>מסטיק בוקסי מנטה פטל 64גר</ItemName>
      <ManufactureName>שטראוס גרופ בעמ</ManufactureName>
      <ManufactureCountry />
      <ManufactureItemDescription />
      <UnitQty>י"ח</UnitQty>
      <Quantity>66</Quantity>
      <UnitMeasure>ל  גרם</UnitMeasure>
      <BisWeighted>0</BisWeighted>
      <QtyInPackage>1</QtyInPackage>
      <ItemPrice>9.80</ItemPrice>
      <UnitOfMeasurePrice>14.85</UnitOfMeasurePrice>
      <AllowDiscount>1</AllowDiscount>
      <itemStatus>1</itemStatus>
      <LastUpdateDate />
      <LastUpdateTime />
    </Product>
    <Product>
      <PriceUpdateDate>2018/06/27 11:49</PriceUpdateDate>
      <ItemCode>7290110568276</ItemCode>
      <ItemType>1</ItemType>
      <ItemName>משקה יוטבתה פרו וניל לשתיה  350מ"ל</ItemName>
      <ManufactureName>שטראוס גרופ ***בעמ</ManufactureName>
      <ManufactureCountry />
      <ManufactureItemDescription />
      <UnitQty>י"ח</UnitQty>
      <Quantity>350</Quantity>
      <UnitMeasure>ל  גרם</UnitMeasure>
      <BisWeighted>0</BisWeighted>
      <QtyInPackage>1</QtyInPackage>
      <ItemPrice>6.20</ItemPrice>
      <UnitOfMeasurePrice>1.77</UnitOfMeasurePrice>
      <AllowDiscount>0</AllowDiscount>
      <itemStatus>1</itemStatus>
      <LastUpdateDate />
      <LastUpdateTime />
    </Product>
    <Product>
      <PriceUpdateDate>2020/02/05 09:53</PriceUpdateDate>
      <ItemCode>7290110568498</ItemCode>
      <ItemType>1</ItemType>
      <ItemName>קונפיטורה תות במתיקות מעודנת</ItemName>
      <ManufactureName>שטראוס גרופ בעמ</ManufactureName>
      <ManufactureCountry />
      <ManufactureItemDescription />
      <UnitQty>י"ח</UnitQty>
      <Quantity>340</Quantity>
      <UnitMeasure>ל  גרם</UnitMeasure>
      <BisWeighted>0</BisWeighted>
      <QtyInPackage>1</QtyInPackage>
      <ItemPrice>12.90</ItemPrice>
      <UnitOfMeasurePrice>3.79</UnitOfMeasurePrice>
      <AllowDiscount>1</AllowDiscount>
      <itemStatus>1</itemStatus>
      <LastUpdateDate />
      <LastUpdateTime />
    </Product>
    <Product>
      <PriceUpdateDate>2018/08/06 17:04</PriceUpdateDate>
      <ItemCode>7290110568559</ItemCode>
      <ItemType>1</ItemType>
      <ItemName>מארז דוריטוס חמוץ חריף 10*25גר</ItemName>
      <ManufactureName>שטראוס פריטו ליי בעמ</ManufactureName>
      <ManufactureCountry />
      <ManufactureItemDescription />
      <UnitQty>י"ח</UnitQty>
      <Quantity>250</Quantity>
      <UnitMeasure>ל  גרם</UnitMeasure>
      <BisWeighted>0</BisWeighted>
      <QtyInPackage>1</QtyInPackage>
      <ItemPrice>13.90</ItemPrice>
      <UnitOfMeasurePrice>5.56</UnitOfMeasurePrice>
      <AllowDiscount>0</AllowDiscount>
      <itemStatus>1</itemStatus>
      <LastUpdateDate />
      <LastUpdateTime />
    </Product>
    <Product>
      <PriceUpdateDate>2018/11/13 16:48</PriceUpdateDate>
      <ItemCode>7290110568627</ItemCode>
      <ItemType>1</ItemType>
      <ItemName>פסק זמן רול שוקולד חלב עם קרם אגוזים</ItemName>
      <ManufactureName>שטראוס גרופ בעמ</ManufactureName>
      <ManufactureCountry />
      <ManufactureItemDescription />
      <UnitQty>י"ח</UnitQty>
      <Quantity>40</Quantity>
      <UnitMeasure>ל  גרם</UnitMeasure>
      <BisWeighted>0</BisWeighted>
      <QtyInPackage>1</QtyInPackage>
      <ItemPrice>3.90</ItemPrice>
      <UnitOfMeasurePrice>9.75</UnitOfMeasurePrice>
      <AllowDiscount>0</AllowDiscount>
      <itemStatus>1</itemStatus>
      <LastUpdateDate />
      <LastUpdateTime />
    </Product>
    <Product>
      <PriceUpdateDate>2018/11/13 16:48</PriceUpdateDate>
      <ItemCode>7290110568924</ItemCode>
      <ItemType>1</ItemType>
      <ItemName>פסק זמן רול שוקולד חלב עם קרם חלב וקוקוס</ItemName>
      <ManufactureName>שטראוס גרופ בעמ</ManufactureName>
      <ManufactureCountry />
      <ManufactureItemDescription />
      <UnitQty>י"ח</UnitQty>
      <Quantity>40</Quantity>
      <UnitMeasure>ל  גרם</UnitMeasure>
      <BisWeighted>0</BisWeighted>
      <QtyInPackage>1</QtyInPackage>
      <ItemPrice>3.90</ItemPrice>
      <UnitOfMeasurePrice>9.75</UnitOfMeasurePrice>
      <AllowDiscount>0</AllowDiscount>
      <itemStatus>1</itemStatus>
      <LastUpdateDate />
      <LastUpdateTime />
    </Product>
    <Product>
      <PriceUpdateDate>2019/04/15 10:04</PriceUpdateDate>
      <ItemCode>7290110568986</ItemCode>
      <ItemType>1</ItemType>
      <ItemName>רוטב לעוף גריל  310מ"ל</ItemName>
      <ManufactureName>שטראוס גרופ בעמ</ManufactureName>
      <ManufactureCountry />
      <ManufactureItemDescription />
      <UnitQty>י"ח</UnitQty>
      <Quantity>310</Quantity>
      <UnitMeasure>ל  מ"ל</UnitMeasure>
      <BisWeighted>0</BisWeighted>
      <QtyInPackage>1</QtyInPackage>
      <ItemPrice>13.90</ItemPrice>
      <UnitOfMeasurePrice>4.48</UnitOfMeasurePrice>
      <AllowDiscount>0</AllowDiscount>
      <itemStatus>1</itemStatus>
      <LastUpdateDate />
      <LastUpdateTime />
    </Product>
    <Product>
      <PriceUpdateDate>2018/07/25 09:01</PriceUpdateDate>
      <ItemCode>7290111341359</ItemCode>
      <ItemType>1</ItemType>
      <ItemName>רדיד אלומיניום 60מטר עם סכין חיתוך</ItemName>
      <ManufactureName>קימברלי קלארק ישראל שיווק בעמ</ManufactureName>
      <ManufactureCountry />
      <ManufactureItemDescription />
      <UnitQty>י"ח</UnitQty>
      <Quantity>1</Quantity>
      <UnitMeasure>י"ח</UnitMeasure>
      <BisWeighted>0</BisWeighted>
      <QtyInPackage>1</QtyInPackage>
      <ItemPrice>44.90</ItemPrice>
      <UnitOfMeasurePrice>44.90</UnitOfMeasurePrice>
      <AllowDiscount>0</AllowDiscount>
      <itemStatus>1</itemStatus>
      <LastUpdateDate />
      <LastUpdateTime />
    </Product>
    <Product>
      <PriceUpdateDate>2019/02/20 09:02</PriceUpdateDate>
      <ItemCode>7290111341816</ItemCode>
      <ItemType>1</ItemType>
      <ItemName>נייר אפיה ניקול עם סליידר</ItemName>
      <ManufactureName>קימברלי קלארק ישראל שיווק בעמ</ManufactureName>
      <ManufactureCountry />
      <ManufactureItemDescription />
      <UnitQty>י"ח</UnitQty>
      <Quantity>1</Quantity>
      <UnitMeasure>י"ח</UnitMeasure>
      <BisWeighted>0</BisWeighted>
      <QtyInPackage>1</QtyInPackage>
      <ItemPrice>19.90</ItemPrice>
      <UnitOfMeasurePrice>19.90</UnitOfMeasurePrice>
      <AllowDiscount>0</AllowDiscount>
      <itemStatus>1</itemStatus>
      <LastUpdateDate />
      <LastUpdateTime />
    </Product>
    <Product>
      <PriceUpdateDate>2019/07/30 09:20</PriceUpdateDate>
      <ItemCode>7290111341991</ItemCode>
      <ItemType>1</ItemType>
      <ItemName>לילי לח סופרים 48 דפים.</ItemName>
      <ManufactureName>קימברלי קלארק ישראל שיווק בעמ</ManufactureName>
      <ManufactureCountry />
      <ManufactureItemDescription />
      <UnitQty>י"ח</UnitQty>
      <Quantity>1</Quantity>
      <UnitMeasure />
      <BisWeighted>0</BisWeighted>
      <QtyInPackage>1</QtyInPackage>
      <ItemPrice>7.90</ItemPrice>
      <UnitOfMeasurePrice>7.90</UnitOfMeasurePrice>
      <AllowDiscount>1</AllowDiscount>
      <itemStatus>1</itemStatus>
      <LastUpdateDate />
      <LastUpdateTime />
    </Product>
    <Product>
      <PriceUpdateDate>2020/02/27 09:41</PriceUpdateDate>
      <ItemCode>7290111342059</ItemCode>
      <ItemType>1</ItemType>
      <ItemName>מטליות לחות  אנטיבקטריאלי כשל"פ</ItemName>
      <ManufactureName>קימברלי קלארק ישראל שיווק בעמ</ManufactureName>
      <ManufactureCountry />
      <ManufactureItemDescription />
      <UnitQty>י"ח</UnitQty>
      <Quantity>100</Quantity>
      <UnitMeasure>ל  גרם</UnitMeasure>
      <BisWeighted>0</BisWeighted>
      <QtyInPackage>1</QtyInPackage>
      <ItemPrice>13.90</ItemPrice>
      <UnitOfMeasurePrice>13.90</UnitOfMeasurePrice>
      <AllowDiscount>1</AllowDiscount>
      <itemStatus>1</itemStatus>
      <LastUpdateDate />
      <LastUpdateTime />
    </Product>
    <Product>
      <PriceUpdateDate>2019/11/11 12:23</PriceUpdateDate>
      <ItemCode>7290111342189</ItemCode>
      <ItemType>1</ItemType>
      <ItemName>מפיות חד שכבתי  30*30 לבן/צבעוני</ItemName>
      <ManufactureName>קימברלי קלארק ישראל שיווק בעמ</ManufactureName>
      <ManufactureCountry />
      <ManufactureItemDescription />
      <UnitQty>י"ח</UnitQty>
      <Quantity>1</Quantity>
      <UnitMeasure>י"ח</UnitMeasure>
      <BisWeighted>0</BisWeighted>
      <QtyInPackage>1</QtyInPackage>
      <ItemPrice>8.90</ItemPrice>
      <UnitOfMeasurePrice>8.90</UnitOfMeasurePrice>
      <AllowDiscount>0</AllowDiscount>
      <itemStatus>1</itemStatus>
      <LastUpdateDate />
      <LastUpdateTime />
    </Product>
    <Product>
      <PriceUpdateDate>2019/12/08 08:01</PriceUpdateDate>
      <ItemCode>7290111342202</ItemCode>
      <ItemType>1</ItemType>
      <ItemName>מגני תחתון קוטקס לארגי  ג ינה</ItemName>
      <ManufactureName>קימברלי קלארק ישראל שיווק בעמ</ManufactureName>
      <ManufactureCountry />
      <ManufactureItemDescription />
      <UnitQty>י"ח</UnitQty>
      <Quantity>1</Quantity>
      <UnitMeasure>י"ח</UnitMeasure>
      <BisWeighted>0</BisWeighted>
      <QtyInPackage>1</QtyInPackage>
      <ItemPrice>26.90</ItemPrice>
      <UnitOfMeasurePrice>26.90</UnitOfMeasurePrice>
      <AllowDiscount>1</AllowDiscount>
      <itemStatus>1</itemStatus>
      <LastUpdateDate />
      <LastUpdateTime />
    </Product>
    <Product>
      <PriceUpdateDate>2019/11/11 12:23</PriceUpdateDate>
      <ItemCode>7290111342523</ItemCode>
      <ItemType>1</ItemType>
      <ItemName>מפיות ניקול 100 יח צבעוני</ItemName>
      <ManufactureName>קימברלי קלארק ישראל שיווק בעמ</ManufactureName>
      <ManufactureCountry />
      <ManufactureItemDescription />
      <UnitQty>י"ח</UnitQty>
      <Quantity>100</Quantity>
      <UnitMeasure>י"ח</UnitMeasure>
      <BisWeighted>0</BisWeighted>
      <QtyInPackage>1</QtyInPackage>
      <ItemPrice>7.90</ItemPrice>
      <UnitOfMeasurePrice>0.08</UnitOfMeasurePrice>
      <AllowDiscount>0</AllowDiscount>
      <itemStatus>1</itemStatus>
      <LastUpdateDate />
      <LastUpdateTime />
    </Product>
    <Product>
      <PriceUpdateDate>2017/02/20 11:24</PriceUpdateDate>
      <ItemCode>7290111350030</ItemCode>
      <ItemType>1</ItemType>
      <ItemName>רסק תפוחי עץ טבעי צנצנת 670ג</ItemName>
      <ManufactureName>ליימן שליסל</ManufactureName>
      <ManufactureCountry />
      <ManufactureItemDescription />
      <UnitQty>י"ח</UnitQty>
      <Quantity>5.60</Quantity>
      <UnitMeasure />
      <BisWeighted>0</BisWeighted>
      <QtyInPackage>1</QtyInPackage>
      <ItemPrice>10.90</ItemPrice>
      <UnitOfMeasurePrice>1.95</UnitOfMeasurePrice>
      <AllowDiscount>0</AllowDiscount>
      <itemStatus>1</itemStatus>
      <LastUpdateDate />
      <LastUpdateTime />
    </Product>
    <Product>
      <PriceUpdateDate>2017/02/27 12:15</PriceUpdateDate>
      <ItemCode>7290111350047</ItemCode>
      <ItemType>1</ItemType>
      <ItemName>תמרים מזן מהגול ללא חרצנים 500ג</ItemName>
      <ManufactureName>ליימן שליסל</ManufactureName>
      <ManufactureCountry />
      <ManufactureItemDescription />
      <UnitQty>י"ח</UnitQty>
      <Quantity>500</Quantity>
      <UnitMeasure>ל  גרם</UnitMeasure>
      <BisWeighted>0</BisWeighted>
      <QtyInPackage>1</QtyInPackage>
      <ItemPrice>13.90</ItemPrice>
      <UnitOfMeasurePrice>2.78</UnitOfMeasurePrice>
      <AllowDiscount>0</AllowDiscount>
      <itemStatus>1</itemStatus>
      <LastUpdateDate />
      <LastUpdateTime />
    </Product>
    <Product>
      <PriceUpdateDate>2019/08/13 15:14</PriceUpdateDate>
      <ItemCode>7290111350412</ItemCode>
      <ItemType>1</ItemType>
      <ItemName>שוקולד מריר 48% 1/5</ItemName>
      <ManufactureName>ליימן שליסל</ManufactureName>
      <ManufactureCountry />
      <ManufactureItemDescription />
      <UnitQty>י"ח</UnitQty>
      <Quantity>500</Quantity>
      <UnitMeasure>ל  מ"ל</UnitMeasure>
      <BisWeighted>0</BisWeighted>
      <QtyInPackage>1</QtyInPackage>
      <ItemPrice>17.90</ItemPrice>
      <UnitOfMeasurePrice>3.58</UnitOfMeasurePrice>
      <AllowDiscount>0</AllowDiscount>
      <itemStatus>1</itemStatus>
      <LastUpdateDate />
      <LastUpdateTime />
    </Product>
    <Product>
      <PriceUpdateDate>2019/05/02 17:53</PriceUpdateDate>
      <ItemCode>7290111350726</ItemCode>
      <ItemType>1</ItemType>
      <ItemName>נאצוס מקסיקני 322ג</ItemName>
      <ManufactureName>ליימן שליסל</ManufactureName>
      <ManufactureCountry />
      <ManufactureItemDescription />
      <UnitQty>י"ח</UnitQty>
      <Quantity>323</Quantity>
      <UnitMeasure>ל  גרם</UnitMeasure>
      <BisWeighted>0</BisWeighted>
      <QtyInPackage>1</QtyInPackage>
      <ItemPrice>14.90</ItemPrice>
      <UnitOfMeasurePrice>4.61</UnitOfMeasurePrice>
      <AllowDiscount>0</AllowDiscount>
      <itemStatus>1</itemStatus>
      <LastUpdateDate />
      <LastUpdateTime />
    </Product>
    <Product>
      <PriceUpdateDate>2018/12/11 08:56</PriceUpdateDate>
      <ItemCode>7290111350856</ItemCode>
      <ItemType>1</ItemType>
      <ItemName>צוקטה עוגות אישיות 1/8 מריר</ItemName>
      <ManufactureName>ליימן שליסל</ManufactureName>
      <ManufactureCountry />
      <ManufactureItemDescription />
      <UnitQty>י"ח</UnitQty>
      <Quantity>240</Quantity>
      <UnitMeasure>ל  גרם</UnitMeasure>
      <BisWeighted>0</BisWeighted>
      <QtyInPackage>1</QtyInPackage>
      <ItemPrice>9.90</ItemPrice>
      <UnitOfMeasurePrice>4.13</UnitOfMeasurePrice>
      <AllowDiscount>0</AllowDiscount>
      <itemStatus>1</itemStatus>
      <LastUpdateDate />
      <LastUpdateTime />
    </Product>
    <Product>
      <PriceUpdateDate>2019/02/28 11:00</PriceUpdateDate>
      <ItemCode>7290111350894</ItemCode>
      <ItemType>1</ItemType>
      <ItemName>צוקטה חטיפי מיני בוטנים 180ג</ItemName>
      <ManufactureName>ליימן שליסל</ManufactureName>
      <ManufactureCountry />
      <ManufactureItemDescription />
      <UnitQty>י"ח</UnitQty>
      <Quantity>180</Quantity>
      <UnitMeasure>ל  גרם</UnitMeasure>
      <BisWeighted>0</BisWeighted>
      <QtyInPackage>1</QtyInPackage>
      <ItemPrice>8.90</ItemPrice>
      <UnitOfMeasurePrice>4.94</UnitOfMeasurePrice>
      <AllowDiscount>0</AllowDiscount>
      <itemStatus>1</itemStatus>
      <LastUpdateDate />
      <LastUpdateTime />
    </Product>
    <Product>
      <PriceUpdateDate>2019/01/16 12:38</PriceUpdateDate>
      <ItemCode>7290111350993</ItemCode>
      <ItemType>1</ItemType>
      <ItemName>חיספוסים גומי דובונים  200ג.</ItemName>
      <ManufactureName>ליימן שליסל</ManufactureName>
      <ManufactureCountry />
      <ManufactureItemDescription />
      <UnitQty>י"ח</UnitQty>
      <Quantity>200</Quantity>
      <UnitMeasure>ל  גרם</UnitMeasure>
      <BisWeighted>0</BisWeighted>
      <QtyInPackage>1</QtyInPackage>
      <ItemPrice>9.90</ItemPrice>
      <UnitOfMeasurePrice>4.95</UnitOfMeasurePrice>
      <AllowDiscount>0</AllowDiscount>
      <itemStatus>1</itemStatus>
      <LastUpdateDate />
      <LastUpdateTime />
    </Product>
    <Product>
      <PriceUpdateDate>2019/06/23 14:51</PriceUpdateDate>
      <ItemCode>7290111351167</ItemCode>
      <ItemType>1</ItemType>
      <ItemName>אצבעות שוקולד שמינייה  צוקטה</ItemName>
      <ManufactureName>ליימן שליסל</ManufactureName>
      <ManufactureCountry />
      <ManufactureItemDescription />
      <UnitQty>י"ח</UnitQty>
      <Quantity>1</Quantity>
      <UnitMeasure />
      <BisWeighted>0</BisWeighted>
      <QtyInPackage>1</QtyInPackage>
      <ItemPrice>4.90</ItemPrice>
      <UnitOfMeasurePrice>4.90</UnitOfMeasurePrice>
      <AllowDiscount>0</AllowDiscount>
      <itemStatus>1</itemStatus>
      <LastUpdateDate />
      <LastUpdateTime />
    </Product>
    <Product>
      <PriceUpdateDate>2019/02/28 11:00</PriceUpdateDate>
      <ItemCode>7290111351334</ItemCode>
      <ItemType>1</ItemType>
      <ItemName>תמרים יבשים מג הול 650ג קלית גת</ItemName>
      <ManufactureName>ליימן שליסל</ManufactureName>
      <ManufactureCountry />
      <ManufactureItemDescription />
      <UnitQty>י"ח</UnitQty>
      <Quantity>500</Quantity>
      <UnitMeasure>ל  גרם</UnitMeasure>
      <BisWeighted>0</BisWeighted>
      <QtyInPackage>1</QtyInPackage>
      <ItemPrice>20.90</ItemPrice>
      <UnitOfMeasurePrice>4.18</UnitOfMeasurePrice>
      <AllowDiscount>0</AllowDiscount>
      <itemStatus>1</itemStatus>
      <LastUpdateDate />
      <LastUpdateTime />
    </Product>
    <Product>
      <PriceUpdateDate>2019/07/31 08:42</PriceUpdateDate>
      <ItemCode>7290111351563</ItemCode>
      <ItemType>1</ItemType>
      <ItemName>חטיפי קרקר בייטס פיצה  150ג</ItemName>
      <ManufactureName>ליימן שליסל</ManufactureName>
      <ManufactureCountry />
      <ManufactureItemDescription />
      <UnitQty>י"ח</UnitQty>
      <Quantity>150</Quantity>
      <UnitMeasure>ל  גרם</UnitMeasure>
      <BisWeighted>0</BisWeighted>
      <QtyInPackage>1</QtyInPackage>
      <ItemPrice>5.90</ItemPrice>
      <UnitOfMeasurePrice>3.93</UnitOfMeasurePrice>
      <AllowDiscount>1</AllowDiscount>
      <itemStatus>1</itemStatus>
      <LastUpdateDate />
      <LastUpdateTime />
    </Product>
    <Product>
      <PriceUpdateDate>2019/08/13 15:14</PriceUpdateDate>
      <ItemCode>7290111351686</ItemCode>
      <ItemType>1</ItemType>
      <ItemName>ממרח צ`וקטה אגוזי לוז וחלב 700גרם</ItemName>
      <ManufactureName>ליימן שליסל</ManufactureName>
      <ManufactureCountry />
      <ManufactureItemDescription />
      <UnitQty>י"ח</UnitQty>
      <Quantity>385</Quantity>
      <UnitMeasure>ל  גרם</UnitMeasure>
      <BisWeighted>0</BisWeighted>
      <QtyInPackage>1</QtyInPackage>
      <ItemPrice>19.90</ItemPrice>
      <UnitOfMeasurePrice>5.17</UnitOfMeasurePrice>
      <AllowDiscount>0</AllowDiscount>
      <itemStatus>1</itemStatus>
      <LastUpdateDate />
      <LastUpdateTime />
    </Product>
    <Product>
      <PriceUpdateDate>2020/01/21 09:26</PriceUpdateDate>
      <ItemCode>7290111352430</ItemCode>
      <ItemType>1</ItemType>
      <ItemName>ממרח תמרים קליית גת 440ג טבעי</ItemName>
      <ManufactureName>ליימן שליסל</ManufactureName>
      <ManufactureCountry />
      <ManufactureItemDescription />
      <UnitQty>י"ח</UnitQty>
      <Quantity>440</Quantity>
      <UnitMeasure>ל  גרם</UnitMeasure>
      <BisWeighted>0</BisWeighted>
      <QtyInPackage>1</QtyInPackage>
      <ItemPrice>14.90</ItemPrice>
      <UnitOfMeasurePrice>3.39</UnitOfMeasurePrice>
      <AllowDiscount>0</AllowDiscount>
      <itemStatus>1</itemStatus>
      <LastUpdateDate />
      <LastUpdateTime />
    </Product>
    <Product>
      <PriceUpdateDate>2019/10/24 08:23</PriceUpdateDate>
      <ItemCode>7290111532276</ItemCode>
      <ItemType>1</ItemType>
      <ItemName>עוגיות מרוקאיות 600ג לה בייקרי</ItemName>
      <ManufactureName>שיבולים ייצור ושיווק מאפה בעמ</ManufactureName>
      <ManufactureCountry />
      <ManufactureItemDescription />
      <UnitQty>י"ח</UnitQty>
      <Quantity>600</Quantity>
      <UnitMeasure>ל  גרם</UnitMeasure>
      <BisWeighted>0</BisWeighted>
      <QtyInPackage>1</QtyInPackage>
      <ItemPrice>14.90</ItemPrice>
      <UnitOfMeasurePrice>2.48</UnitOfMeasurePrice>
      <AllowDiscount>1</AllowDiscount>
      <itemStatus>1</itemStatus>
      <LastUpdateDate />
      <LastUpdateTime />
    </Product>
    <Product>
      <PriceUpdateDate>2019/11/21 07:09</PriceUpdateDate>
      <ItemCode>7290111532283</ItemCode>
      <ItemType>1</ItemType>
      <ItemName>עוגיות מעמול אנגל 600ג דלי</ItemName>
      <ManufactureName>שיבולים ייצור ושיווק מאפה בעמ</ManufactureName>
      <ManufactureCountry />
      <ManufactureItemDescription />
      <UnitQty>י"ח</UnitQty>
      <Quantity>600</Quantity>
      <UnitMeasure>ל  גרם</UnitMeasure>
      <BisWeighted>0</BisWeighted>
      <QtyInPackage>1</QtyInPackage>
      <ItemPrice>14.90</ItemPrice>
      <UnitOfMeasurePrice>2.48</UnitOfMeasurePrice>
      <AllowDiscount>1</AllowDiscount>
      <itemStatus>1</itemStatus>
      <LastUpdateDate />
      <LastUpdateTime />
    </Product>
    <Product>
      <PriceUpdateDate>2019/10/24 08:23</PriceUpdateDate>
      <ItemCode>7290111532306</ItemCode>
      <ItemType>1</ItemType>
      <ItemName>עוגיות אצבע שוקולד 600 ג`לה בייקרי</ItemName>
      <ManufactureName>שיבולים ייצור ושיווק מאפה בעמ</ManufactureName>
      <ManufactureCountry />
      <ManufactureItemDescription />
      <UnitQty>י"ח</UnitQty>
      <Quantity>600</Quantity>
      <UnitMeasure>ל  גרם</UnitMeasure>
      <BisWeighted>0</BisWeighted>
      <QtyInPackage>1</QtyInPackage>
      <ItemPrice>14.90</ItemPrice>
      <UnitOfMeasurePrice>2.48</UnitOfMeasurePrice>
      <AllowDiscount>1</AllowDiscount>
      <itemStatus>1</itemStatus>
      <LastUpdateDate />
      <LastUpdateTime />
    </Product>
    <Product>
      <PriceUpdateDate>2019/10/24 08:23</PriceUpdateDate>
      <ItemCode>7290111532344</ItemCode>
      <ItemType>1</ItemType>
      <ItemName>עוגיות ממולאות שוקולד 600ג לה בייקרי</ItemName>
      <ManufactureName>שיבולים ייצור ושיווק מאפה בעמ</ManufactureName>
      <ManufactureCountry />
      <ManufactureItemDescription />
      <UnitQty>י"ח</UnitQty>
      <Quantity>600</Quantity>
      <UnitMeasure>ל  גרם</UnitMeasure>
      <BisWeighted>0</BisWeighted>
      <QtyInPackage>1</QtyInPackage>
      <ItemPrice>14.90</ItemPrice>
      <UnitOfMeasurePrice>2.48</UnitOfMeasurePrice>
      <AllowDiscount>1</AllowDiscount>
      <itemStatus>1</itemStatus>
      <LastUpdateDate />
      <LastUpdateTime />
    </Product>
    <Product>
      <PriceUpdateDate>2019/11/21 07:09</PriceUpdateDate>
      <ItemCode>7290111532351</ItemCode>
      <ItemType>1</ItemType>
      <ItemName>עוגיות סהרונים  600ג לה בייקרי</ItemName>
      <ManufactureName>שיבולים ייצור ושיווק מאפה בעמ</ManufactureName>
      <ManufactureCountry />
      <ManufactureItemDescription />
      <UnitQty>י"ח</UnitQty>
      <Quantity>600</Quantity>
      <UnitMeasure>ל  גרם</UnitMeasure>
      <BisWeighted>0</BisWeighted>
      <QtyInPackage>1</QtyInPackage>
      <ItemPrice>14.90</ItemPrice>
      <UnitOfMeasurePrice>2.48</UnitOfMeasurePrice>
      <AllowDiscount>1</AllowDiscount>
      <itemStatus>1</itemStatus>
      <LastUpdateDate />
      <LastUpdateTime />
    </Product>
    <Product>
      <PriceUpdateDate>2019/10/24 08:23</PriceUpdateDate>
      <ItemCode>7290111532382</ItemCode>
      <ItemType>1</ItemType>
      <ItemName>עוגיות רולדה תמרים 600 ג`לה בייקרי</ItemName>
      <ManufactureName>שיבולים ייצור ושיווק מאפה בעמ</ManufactureName>
      <ManufactureCountry />
      <ManufactureItemDescription />
      <UnitQty>י"ח</UnitQty>
      <Quantity>600</Quantity>
      <UnitMeasure>ל  גרם</UnitMeasure>
      <BisWeighted>0</BisWeighted>
      <QtyInPackage>1</QtyInPackage>
      <ItemPrice>14.90</ItemPrice>
      <UnitOfMeasurePrice>2.48</UnitOfMeasurePrice>
      <AllowDiscount>1</AllowDiscount>
      <itemStatus>1</itemStatus>
      <LastUpdateDate />
      <LastUpdateTime />
    </Product>
    <Product>
      <PriceUpdateDate>2019/11/21 07:09</PriceUpdateDate>
      <ItemCode>7290111532481</ItemCode>
      <ItemType>1</ItemType>
      <ItemName>עוגיות מלוחות ארוך  אנגל 500ג דלי</ItemName>
      <ManufactureName>שיבולים ייצור ושיווק מאפה בעמ</ManufactureName>
      <ManufactureCountry />
      <ManufactureItemDescription />
      <UnitQty>י"ח</UnitQty>
      <Quantity>500</Quantity>
      <UnitMeasure>ל  גרם</UnitMeasure>
      <BisWeighted>0</BisWeighted>
      <QtyInPackage>1</QtyInPackage>
      <ItemPrice>14.90</ItemPrice>
      <UnitOfMeasurePrice>2.98</UnitOfMeasurePrice>
      <AllowDiscount>1</AllowDiscount>
      <itemStatus>1</itemStatus>
      <LastUpdateDate />
      <LastUpdateTime />
    </Product>
    <Product>
      <PriceUpdateDate>2019/08/13 12:55</PriceUpdateDate>
      <ItemCode>7290111534157</ItemCode>
      <ItemType>1</ItemType>
      <ItemName>פחזניות במילוי קרם וניל 180ג</ItemName>
      <ManufactureName>קפולסקי אדל בעמ</ManufactureName>
      <ManufactureCountry />
      <ManufactureItemDescription />
      <UnitQty>י"ח</UnitQty>
      <Quantity>180</Quantity>
      <UnitMeasure>ל  גרם</UnitMeasure>
      <BisWeighted>0</BisWeighted>
      <QtyInPackage>1</QtyInPackage>
      <ItemPrice>13.90</ItemPrice>
      <UnitOfMeasurePrice>7.72</UnitOfMeasurePrice>
      <AllowDiscount>0</AllowDiscount>
      <itemStatus>1</itemStatus>
      <LastUpdateDate />
      <LastUpdateTime />
    </Product>
    <Product>
      <PriceUpdateDate>2017/12/28 14:36</PriceUpdateDate>
      <ItemCode>7290111560910</ItemCode>
      <ItemType>1</ItemType>
      <ItemName>וופל טעם שוקולד 200 גרם</ItemName>
      <ManufactureName>קבוצת אוסם סחר-שות.מוגבלת</ManufactureName>
      <ManufactureCountry />
      <ManufactureItemDescription />
      <UnitQty>י"ח</UnitQty>
      <Quantity>200</Quantity>
      <UnitMeasure>ל  גרם</UnitMeasure>
      <BisWeighted>0</BisWeighted>
      <QtyInPackage>1</QtyInPackage>
      <ItemPrice>4.90</ItemPrice>
      <UnitOfMeasurePrice>2.45</UnitOfMeasurePrice>
      <AllowDiscount>1</AllowDiscount>
      <itemStatus>1</itemStatus>
      <LastUpdateDate />
      <LastUpdateTime />
    </Product>
    <Product>
      <PriceUpdateDate>2018/04/26 09:49</PriceUpdateDate>
      <ItemCode>7290111563249</ItemCode>
      <ItemType>1</ItemType>
      <ItemName>חציל פיקנטי מרובע צבר  400גר</ItemName>
      <ManufactureName>קבוצת אוסם סחר-שות.מוגבלת</ManufactureName>
      <ManufactureCountry />
      <ManufactureItemDescription />
      <UnitQty>י"ח</UnitQty>
      <Quantity>400</Quantity>
      <UnitMeasure>ל  גרם</UnitMeasure>
      <BisWeighted>0</BisWeighted>
      <QtyInPackage>1</QtyInPackage>
      <ItemPrice>11.50</ItemPrice>
      <UnitOfMeasurePrice>2.88</UnitOfMeasurePrice>
      <AllowDiscount>0</AllowDiscount>
      <itemStatus>1</itemStatus>
      <LastUpdateDate />
      <LastUpdateTime />
    </Product>
    <Product>
      <PriceUpdateDate>2018/04/16 12:54</PriceUpdateDate>
      <ItemCode>7290111564239</ItemCode>
      <ItemType>1</ItemType>
      <ItemName>מאגדת מיני קראנץ וניל 6*55ג</ItemName>
      <ManufactureName>נגה גלידות</ManufactureName>
      <ManufactureCountry />
      <ManufactureItemDescription />
      <UnitQty>י"ח</UnitQty>
      <Quantity>275</Quantity>
      <UnitMeasure>ל  גרם</UnitMeasure>
      <BisWeighted>0</BisWeighted>
      <QtyInPackage>1</QtyInPackage>
      <ItemPrice>28.90</ItemPrice>
      <UnitOfMeasurePrice>10.51</UnitOfMeasurePrice>
      <AllowDiscount>0</AllowDiscount>
      <itemStatus>1</itemStatus>
      <LastUpdateDate />
      <LastUpdateTime />
    </Product>
    <Product>
      <PriceUpdateDate>2017/08/14 16:09</PriceUpdateDate>
      <ItemCode>7290111564277</ItemCode>
      <ItemType>1</ItemType>
      <ItemName>פיטנס פריכיות 3 דגנים דקות 120גר</ItemName>
      <ManufactureName>קבוצת אוסם סחר-שות.מוגבלת</ManufactureName>
      <ManufactureCountry />
      <ManufactureItemDescription />
      <UnitQty>י"ח</UnitQty>
      <Quantity>120</Quantity>
      <UnitMeasure>ל  גרם</UnitMeasure>
      <BisWeighted>0</BisWeighted>
      <QtyInPackage>1</QtyInPackage>
      <ItemPrice>10.90</ItemPrice>
      <UnitOfMeasurePrice>9.08</UnitOfMeasurePrice>
      <AllowDiscount>0</AllowDiscount>
      <itemStatus>1</itemStatus>
      <LastUpdateDate />
      <LastUpdateTime />
    </Product>
    <Product>
      <PriceUpdateDate>2017/12/14 16:00</PriceUpdateDate>
      <ItemCode>7290111564727</ItemCode>
      <ItemType>1</ItemType>
      <ItemName>קרמוגית במילוי קרם אגוזים 200ג</ItemName>
      <ManufactureName>קבוצת אוסם סחר-שות.מוגבלת</ManufactureName>
      <ManufactureCountry />
      <ManufactureItemDescription />
      <UnitQty>י"ח</UnitQty>
      <Quantity>200</Quantity>
      <UnitMeasure>ל  גרם</UnitMeasure>
      <BisWeighted>0</BisWeighted>
      <QtyInPackage>1</QtyInPackage>
      <ItemPrice>11.90</ItemPrice>
      <UnitOfMeasurePrice>5.95</UnitOfMeasurePrice>
      <AllowDiscount>0</AllowDiscount>
      <itemStatus>1</itemStatus>
      <LastUpdateDate />
      <LastUpdateTime />
    </Product>
    <Product>
      <PriceUpdateDate>2018/01/22 11:35</PriceUpdateDate>
      <ItemCode>7290111565144</ItemCode>
      <ItemType>1</ItemType>
      <ItemName>אקסטרים מטבע שוק. לבן</ItemName>
      <ManufactureName>נגה גלידות</ManufactureName>
      <ManufactureCountry />
      <ManufactureItemDescription />
      <UnitQty>י"ח</UnitQty>
      <Quantity>115</Quantity>
      <UnitMeasure>ל  גרם</UnitMeasure>
      <BisWeighted>0</BisWeighted>
      <QtyInPackage>1</QtyInPackage>
      <ItemPrice>12.90</ItemPrice>
      <UnitOfMeasurePrice>11.22</UnitOfMeasurePrice>
      <AllowDiscount>1</AllowDiscount>
      <itemStatus>1</itemStatus>
      <LastUpdateDate />
      <LastUpdateTime />
    </Product>
    <Product>
      <PriceUpdateDate>2018/04/26 09:52</PriceUpdateDate>
      <ItemCode>7290111565182</ItemCode>
      <ItemType>1</ItemType>
      <ItemName>טבעול קציצות ירקות וקטניות 525גר</ItemName>
      <ManufactureName>קבוצת אוסם סחר-שות.מוגבלת</ManufactureName>
      <ManufactureCountry />
      <ManufactureItemDescription />
      <UnitQty>י"ח</UnitQty>
      <Quantity>525</Quantity>
      <UnitMeasure>ל  גרם</UnitMeasure>
      <BisWeighted>0</BisWeighted>
      <QtyInPackage>1</QtyInPackage>
      <ItemPrice>31.90</ItemPrice>
      <UnitOfMeasurePrice>6.08</UnitOfMeasurePrice>
      <AllowDiscount>1</AllowDiscount>
      <itemStatus>1</itemStatus>
      <LastUpdateDate />
      <LastUpdateTime />
    </Product>
    <Product>
      <PriceUpdateDate>2018/01/22 11:35</PriceUpdateDate>
      <ItemCode>7290111565502</ItemCode>
      <ItemType>1</ItemType>
      <ItemName>גלידת  אוראו סנדוויץ</ItemName>
      <ManufactureName>נגה גלידות</ManufactureName>
      <ManufactureCountry />
      <ManufactureItemDescription />
      <UnitQty>י"ח</UnitQty>
      <Quantity>80</Quantity>
      <UnitMeasure>ל  גרם</UnitMeasure>
      <BisWeighted>0</BisWeighted>
      <QtyInPackage>1</QtyInPackage>
      <ItemPrice>12.90</ItemPrice>
      <UnitOfMeasurePrice>16.13</UnitOfMeasurePrice>
      <AllowDiscount>1</AllowDiscount>
      <itemStatus>1</itemStatus>
      <LastUpdateDate />
      <LastUpdateTime />
    </Product>
    <Product>
      <PriceUpdateDate>2018/01/22 11:14</PriceUpdateDate>
      <ItemCode>7290111566127</ItemCode>
      <ItemType>1</ItemType>
      <ItemName>אוראו מאגדת סנדויץ 6*33ג</ItemName>
      <ManufactureName>נגה גלידות</ManufactureName>
      <ManufactureCountry />
      <ManufactureItemDescription />
      <UnitQty>י"ח</UnitQty>
      <Quantity>198</Quantity>
      <UnitMeasure>ל  גרם</UnitMeasure>
      <BisWeighted>0</BisWeighted>
      <QtyInPackage>1</QtyInPackage>
      <ItemPrice>24.90</ItemPrice>
      <UnitOfMeasurePrice>12.58</UnitOfMeasurePrice>
      <AllowDiscount>1</AllowDiscount>
      <itemStatus>1</itemStatus>
      <LastUpdateDate />
      <LastUpdateTime />
    </Product>
    <Product>
      <PriceUpdateDate>2018/08/01 17:14</PriceUpdateDate>
      <ItemCode>7290111566226</ItemCode>
      <ItemType>1</ItemType>
      <ItemName>טבעול שניצל ברוקולי 667גר</ItemName>
      <ManufactureName>קבוצת אוסם סחר-שות.מוגבלת</ManufactureName>
      <ManufactureCountry />
      <ManufactureItemDescription />
      <UnitQty>י"ח</UnitQty>
      <Quantity>667</Quantity>
      <UnitMeasure>ל  גרם</UnitMeasure>
      <BisWeighted>0</BisWeighted>
      <QtyInPackage>1</QtyInPackage>
      <ItemPrice>30.90</ItemPrice>
      <UnitOfMeasurePrice>4.63</UnitOfMeasurePrice>
      <AllowDiscount>1</AllowDiscount>
      <itemStatus>1</itemStatus>
      <LastUpdateDate />
      <LastUpdateTime />
    </Product>
    <Product>
      <PriceUpdateDate>2018/01/22 09:30</PriceUpdateDate>
      <ItemCode>7290111566240</ItemCode>
      <ItemType>1</ItemType>
      <ItemName>טבעול שניצל דק בטעם צ ילי חריף 564גר</ItemName>
      <ManufactureName>קבוצת אוסם סחר-שות.מוגבלת</ManufactureName>
      <ManufactureCountry />
      <ManufactureItemDescription />
      <UnitQty>י"ח</UnitQty>
      <Quantity>564</Quantity>
      <UnitMeasure>ל  גרם</UnitMeasure>
      <BisWeighted>0</BisWeighted>
      <QtyInPackage>1</QtyInPackage>
      <ItemPrice>30.90</ItemPrice>
      <UnitOfMeasurePrice>5.48</UnitOfMeasurePrice>
      <AllowDiscount>1</AllowDiscount>
      <itemStatus>1</itemStatus>
      <LastUpdateDate />
      <LastUpdateTime />
    </Product>
    <Product>
      <PriceUpdateDate>2018/01/22 09:27</PriceUpdateDate>
      <ItemCode>7290111566271</ItemCode>
      <ItemType>1</ItemType>
      <ItemName>טבעול חטיפי תירס 657גר</ItemName>
      <ManufactureName>קבוצת אוסם סחר-שות.מוגבלת</ManufactureName>
      <ManufactureCountry />
      <ManufactureItemDescription />
      <UnitQty>י"ח</UnitQty>
      <Quantity>657</Quantity>
      <UnitMeasure>ל  גרם</UnitMeasure>
      <BisWeighted>0</BisWeighted>
      <QtyInPackage>1</QtyInPackage>
      <ItemPrice>30.90</ItemPrice>
      <UnitOfMeasurePrice>4.70</UnitOfMeasurePrice>
      <AllowDiscount>1</AllowDiscount>
      <itemStatus>1</itemStatus>
      <LastUpdateDate />
      <LastUpdateTime />
    </Product>
    <Product>
      <PriceUpdateDate>2018/01/22 09:29</PriceUpdateDate>
      <ItemCode>7290111566318</ItemCode>
      <ItemType>1</ItemType>
      <ItemName>טבעול שניצל דק מן הצומח 564גר</ItemName>
      <ManufactureName>קבוצת אוסם סחר-שות.מוגבלת</ManufactureName>
      <ManufactureCountry />
      <ManufactureItemDescription />
      <UnitQty>י"ח</UnitQty>
      <Quantity>564</Quantity>
      <UnitMeasure>ל  גרם</UnitMeasure>
      <BisWeighted>0</BisWeighted>
      <QtyInPackage>1</QtyInPackage>
      <ItemPrice>30.90</ItemPrice>
      <UnitOfMeasurePrice>5.48</UnitOfMeasurePrice>
      <AllowDiscount>1</AllowDiscount>
      <itemStatus>1</itemStatus>
      <LastUpdateDate />
      <LastUpdateTime />
    </Product>
    <Product>
      <PriceUpdateDate>2018/02/26 14:46</PriceUpdateDate>
      <ItemCode>7290111566332</ItemCode>
      <ItemType>1</ItemType>
      <ItemName>טבעול נקניקיות וינר צמחוניות 680גר</ItemName>
      <ManufactureName>קבוצת אוסם סחר-שות.מוגבלת</ManufactureName>
      <ManufactureCountry />
      <ManufactureItemDescription />
      <UnitQty>י"ח</UnitQty>
      <Quantity>680</Quantity>
      <UnitMeasure>ל  גרם</UnitMeasure>
      <BisWeighted>0</BisWeighted>
      <QtyInPackage>1</QtyInPackage>
      <ItemPrice>29.90</ItemPrice>
      <UnitOfMeasurePrice>4.40</UnitOfMeasurePrice>
      <AllowDiscount>1</AllowDiscount>
      <itemStatus>1</itemStatus>
      <LastUpdateDate />
      <LastUpdateTime />
    </Product>
    <Product>
      <PriceUpdateDate>2018/01/22 09:26</PriceUpdateDate>
      <ItemCode>7290111566660</ItemCode>
      <ItemType>1</ItemType>
      <ItemName>טבעול קציצות עדשים כתומים 530 ג`</ItemName>
      <ManufactureName>קבוצת אוסם סחר-שות.מוגבלת</ManufactureName>
      <ManufactureCountry />
      <ManufactureItemDescription />
      <UnitQty>י"ח</UnitQty>
      <Quantity>530</Quantity>
      <UnitMeasure>ל  גרם</UnitMeasure>
      <BisWeighted>0</BisWeighted>
      <QtyInPackage>1</QtyInPackage>
      <ItemPrice>30.90</ItemPrice>
      <UnitOfMeasurePrice>5.83</UnitOfMeasurePrice>
      <AllowDiscount>1</AllowDiscount>
      <itemStatus>1</itemStatus>
      <LastUpdateDate />
      <LastUpdateTime />
    </Product>
    <Product>
      <PriceUpdateDate>2018/04/26 09:47</PriceUpdateDate>
      <ItemCode>7290111567223</ItemCode>
      <ItemType>1</ItemType>
      <ItemName>פיטנס מיני פריכיות שוקולד חלב 5*22ג</ItemName>
      <ManufactureName>קבוצת אוסם סחר-שות.מוגבלת</ManufactureName>
      <ManufactureCountry />
      <ManufactureItemDescription />
      <UnitQty>י"ח</UnitQty>
      <Quantity>110</Quantity>
      <UnitMeasure>ל  גרם</UnitMeasure>
      <BisWeighted>0</BisWeighted>
      <QtyInPackage>1</QtyInPackage>
      <ItemPrice>21.90</ItemPrice>
      <UnitOfMeasurePrice>19.91</UnitOfMeasurePrice>
      <AllowDiscount>0</AllowDiscount>
      <itemStatus>1</itemStatus>
      <LastUpdateDate />
      <LastUpdateTime />
    </Product>
    <Product>
      <PriceUpdateDate>2018/01/22 08:47</PriceUpdateDate>
      <ItemCode>7290111567292</ItemCode>
      <ItemType>1</ItemType>
      <ItemName>קטשופ מופחת סוכר אסם 710 גרם כשל"פ</ItemName>
      <ManufactureName>קבוצת אוסם סחר-שות.מוגבלת</ManufactureName>
      <ManufactureCountry />
      <ManufactureItemDescription />
      <UnitQty>י"ח</UnitQty>
      <Quantity>750</Quantity>
      <UnitMeasure>ל  גרם</UnitMeasure>
      <BisWeighted>0</BisWeighted>
      <QtyInPackage>1</QtyInPackage>
      <ItemPrice>12.90</ItemPrice>
      <UnitOfMeasurePrice>1.72</UnitOfMeasurePrice>
      <AllowDiscount>0</AllowDiscount>
      <itemStatus>1</itemStatus>
      <LastUpdateDate />
      <LastUpdateTime />
    </Product>
    <Product>
      <PriceUpdateDate>2018/05/08 14:37</PriceUpdateDate>
      <ItemCode>7290111568466</ItemCode>
      <ItemType>1</ItemType>
      <ItemName>רוטב אסיאתי למוקפץ 290מ"ל</ItemName>
      <ManufactureName>קבוצת אוסם סחר-שות.מוגבלת</ManufactureName>
      <ManufactureCountry />
      <ManufactureItemDescription />
      <UnitQty>י"ח</UnitQty>
      <Quantity>290</Quantity>
      <UnitMeasure>ל  גרם</UnitMeasure>
      <BisWeighted>0</BisWeighted>
      <QtyInPackage>1</QtyInPackage>
      <ItemPrice>13.90</ItemPrice>
      <UnitOfMeasurePrice>4.79</UnitOfMeasurePrice>
      <AllowDiscount>1</AllowDiscount>
      <itemStatus>1</itemStatus>
      <LastUpdateDate />
      <LastUpdateTime />
    </Product>
    <Product>
      <PriceUpdateDate>2017/11/07 14:20</PriceUpdateDate>
      <ItemCode>7290111930928</ItemCode>
      <ItemType>1</ItemType>
      <ItemName>פוף לבבות גריל  40ג</ItemName>
      <ManufactureName>ש.שסטוביץ בעמ</ManufactureName>
      <ManufactureCountry />
      <ManufactureItemDescription />
      <UnitQty>י"ח</UnitQty>
      <Quantity>40</Quantity>
      <UnitMeasure>ל  גרם</UnitMeasure>
      <BisWeighted>0</BisWeighted>
      <QtyInPackage>1</QtyInPackage>
      <ItemPrice>3.80</ItemPrice>
      <UnitOfMeasurePrice>9.50</UnitOfMeasurePrice>
      <AllowDiscount>1</AllowDiscount>
      <itemStatus>1</itemStatus>
      <LastUpdateDate />
      <LastUpdateTime />
    </Product>
    <Product>
      <PriceUpdateDate>2018/06/11 09:37</PriceUpdateDate>
      <ItemCode>7290111931321</ItemCode>
      <ItemType>1</ItemType>
      <ItemName>קולגייט סילדים  מיניונים  50מ"ל</ItemName>
      <ManufactureName>ש.שסטוביץ בעמ</ManufactureName>
      <ManufactureCountry />
      <ManufactureItemDescription />
      <UnitQty>י"ח</UnitQty>
      <Quantity>50</Quantity>
      <UnitMeasure>ל  גרם</UnitMeasure>
      <BisWeighted>0</BisWeighted>
      <QtyInPackage>1</QtyInPackage>
      <ItemPrice>11.90</ItemPrice>
      <UnitOfMeasurePrice>23.80</UnitOfMeasurePrice>
      <AllowDiscount>1</AllowDiscount>
      <itemStatus>1</itemStatus>
      <LastUpdateDate />
      <LastUpdateTime />
    </Product>
    <Product>
      <PriceUpdateDate>2019/02/05 14:45</PriceUpdateDate>
      <ItemCode>7290111931338</ItemCode>
      <ItemType>1</ItemType>
      <ItemName>פלמוליב סבון לומינוס תאנה 500מ"ל.</ItemName>
      <ManufactureName>ש.שסטוביץ בעמ</ManufactureName>
      <ManufactureCountry />
      <ManufactureItemDescription />
      <UnitQty>י"ח</UnitQty>
      <Quantity>500</Quantity>
      <UnitMeasure>ל  מ"ל</UnitMeasure>
      <BisWeighted>0</BisWeighted>
      <QtyInPackage>1</QtyInPackage>
      <ItemPrice>15.90</ItemPrice>
      <UnitOfMeasurePrice>3.18</UnitOfMeasurePrice>
      <AllowDiscount>1</AllowDiscount>
      <itemStatus>1</itemStatus>
      <LastUpdateDate />
      <LastUpdateTime />
    </Product>
    <Product>
      <PriceUpdateDate>2018/11/19 12:33</PriceUpdateDate>
      <ItemCode>7290111933530</ItemCode>
      <ItemType>1</ItemType>
      <ItemName>מיץ לימון טבעי 1005 250מ"ל</ItemName>
      <ManufactureName>ש.שסטוביץ בעמ</ManufactureName>
      <ManufactureCountry />
      <ManufactureItemDescription />
      <UnitQty>י"ח</UnitQty>
      <Quantity>125</Quantity>
      <UnitMeasure>ל  מ"ל</UnitMeasure>
      <BisWeighted>0</BisWeighted>
      <QtyInPackage>1</QtyInPackage>
      <ItemPrice>7.90</ItemPrice>
      <UnitOfMeasurePrice>6.32</UnitOfMeasurePrice>
      <AllowDiscount>0</AllowDiscount>
      <itemStatus>1</itemStatus>
      <LastUpdateDate />
      <LastUpdateTime />
    </Product>
    <Product>
      <PriceUpdateDate>2018/10/18 17:28</PriceUpdateDate>
      <ItemCode>7290111933554</ItemCode>
      <ItemType>1</ItemType>
      <ItemName>עגבניות קוביות מאסטר שף  400גר*3</ItemName>
      <ManufactureName>ש.שסטוביץ בעמ</ManufactureName>
      <ManufactureCountry />
      <ManufactureItemDescription />
      <UnitQty>י"ח</UnitQty>
      <Quantity>1.20</Quantity>
      <UnitMeasure>ק"ג</UnitMeasure>
      <BisWeighted>0</BisWeighted>
      <QtyInPackage>1</QtyInPackage>
      <ItemPrice>15.90</ItemPrice>
      <UnitOfMeasurePrice>13.25</UnitOfMeasurePrice>
      <AllowDiscount>1</AllowDiscount>
      <itemStatus>1</itemStatus>
      <LastUpdateDate />
      <LastUpdateTime />
    </Product>
    <Product>
      <PriceUpdateDate>2019/06/18 11:26</PriceUpdateDate>
      <ItemCode>7290111933561</ItemCode>
      <ItemType>1</ItemType>
      <ItemName>תערובת ציפוי נגטס 250 גרם</ItemName>
      <ManufactureName>ש.שסטוביץ בעמ</ManufactureName>
      <ManufactureCountry />
      <ManufactureItemDescription />
      <UnitQty>י"ח</UnitQty>
      <Quantity>250</Quantity>
      <UnitMeasure>ל  גרם</UnitMeasure>
      <BisWeighted>0</BisWeighted>
      <QtyInPackage>1</QtyInPackage>
      <ItemPrice>7.90</ItemPrice>
      <UnitOfMeasurePrice>3.16</UnitOfMeasurePrice>
      <AllowDiscount>0</AllowDiscount>
      <itemStatus>1</itemStatus>
      <LastUpdateDate />
      <LastUpdateTime />
    </Product>
    <Product>
      <PriceUpdateDate>2020/01/14 10:33</PriceUpdateDate>
      <ItemCode>7290111934827</ItemCode>
      <ItemType>1</ItemType>
      <ItemName>פלמוליב סבון ידיים היגיינה  300מ"ל</ItemName>
      <ManufactureName>ש.שסטוביץ בעמ</ManufactureName>
      <ManufactureCountry />
      <ManufactureItemDescription />
      <UnitQty>י"ח</UnitQty>
      <Quantity>300</Quantity>
      <UnitMeasure>ל  מ"ל</UnitMeasure>
      <BisWeighted>0</BisWeighted>
      <QtyInPackage>1</QtyInPackage>
      <ItemPrice>8.90</ItemPrice>
      <UnitOfMeasurePrice>2.97</UnitOfMeasurePrice>
      <AllowDiscount>0</AllowDiscount>
      <itemStatus>1</itemStatus>
      <LastUpdateDate />
      <LastUpdateTime />
    </Product>
    <Product>
      <PriceUpdateDate>2019/02/17 18:12</PriceUpdateDate>
      <ItemCode>7290111935893</ItemCode>
      <ItemType>1</ItemType>
      <ItemName>תערובת לעוגת שוקו 260ג</ItemName>
      <ManufactureName>ש.שסטוביץ בעמ</ManufactureName>
      <ManufactureCountry />
      <ManufactureItemDescription />
      <UnitQty>י"ח</UnitQty>
      <Quantity>260</Quantity>
      <UnitMeasure>ל  גרם</UnitMeasure>
      <BisWeighted>0</BisWeighted>
      <QtyInPackage>1</QtyInPackage>
      <ItemPrice>14.90</ItemPrice>
      <UnitOfMeasurePrice>5.73</UnitOfMeasurePrice>
      <AllowDiscount>0</AllowDiscount>
      <itemStatus>1</itemStatus>
      <LastUpdateDate />
      <LastUpdateTime />
    </Product>
    <Product>
      <PriceUpdateDate>2019/06/26 07:19</PriceUpdateDate>
      <ItemCode>7290111935923</ItemCode>
      <ItemType>1</ItemType>
      <ItemName>מאסטר שף זיתים חרוזית 370גר</ItemName>
      <ManufactureName>ש.שסטוביץ בעמ</ManufactureName>
      <ManufactureCountry />
      <ManufactureItemDescription />
      <UnitQty>י"ח</UnitQty>
      <Quantity>370</Quantity>
      <UnitMeasure>ל  גרם</UnitMeasure>
      <BisWeighted>0</BisWeighted>
      <QtyInPackage>1</QtyInPackage>
      <ItemPrice>8.90</ItemPrice>
      <UnitOfMeasurePrice>2.41</UnitOfMeasurePrice>
      <AllowDiscount>0</AllowDiscount>
      <itemStatus>1</itemStatus>
      <LastUpdateDate />
      <LastUpdateTime />
    </Product>
    <Product>
      <PriceUpdateDate>2019/06/26 07:19</PriceUpdateDate>
      <ItemCode>7290111935930</ItemCode>
      <ItemType>1</ItemType>
      <ItemName>מאסטר שף קוקטייל זיתים 350גר</ItemName>
      <ManufactureName>ש.שסטוביץ בעמ</ManufactureName>
      <ManufactureCountry />
      <ManufactureItemDescription />
      <UnitQty>י"ח</UnitQty>
      <Quantity>350</Quantity>
      <UnitMeasure>ל  גרם</UnitMeasure>
      <BisWeighted>0</BisWeighted>
      <QtyInPackage>1</QtyInPackage>
      <ItemPrice>12.90</ItemPrice>
      <UnitOfMeasurePrice>3.69</UnitOfMeasurePrice>
      <AllowDiscount>0</AllowDiscount>
      <itemStatus>1</itemStatus>
      <LastUpdateDate />
      <LastUpdateTime />
    </Product>
    <Product>
      <PriceUpdateDate>2019/06/26 07:19</PriceUpdateDate>
      <ItemCode>7290111935947</ItemCode>
      <ItemType>1</ItemType>
      <ItemName>מאסטר שף זיתים ענקיים ללא גרעין  350גר</ItemName>
      <ManufactureName>ש.שסטוביץ בעמ</ManufactureName>
      <ManufactureCountry />
      <ManufactureItemDescription />
      <UnitQty>י"ח</UnitQty>
      <Quantity>350</Quantity>
      <UnitMeasure>ל  גרם</UnitMeasure>
      <BisWeighted>0</BisWeighted>
      <QtyInPackage>1</QtyInPackage>
      <ItemPrice>8.90</ItemPrice>
      <UnitOfMeasurePrice>2.54</UnitOfMeasurePrice>
      <AllowDiscount>0</AllowDiscount>
      <itemStatus>1</itemStatus>
      <LastUpdateDate />
      <LastUpdateTime />
    </Product>
    <Product>
      <PriceUpdateDate>2019/06/26 07:19</PriceUpdateDate>
      <ItemCode>7290111935954</ItemCode>
      <ItemType>1</ItemType>
      <ItemName>מאסטר שף זיתים שלמים ענק 350גר</ItemName>
      <ManufactureName>ש.שסטוביץ בעמ</ManufactureName>
      <ManufactureCountry />
      <ManufactureItemDescription />
      <UnitQty>י"ח</UnitQty>
      <Quantity>350</Quantity>
      <UnitMeasure>ל  גרם</UnitMeasure>
      <BisWeighted>0</BisWeighted>
      <QtyInPackage>1</QtyInPackage>
      <ItemPrice>9.20</ItemPrice>
      <UnitOfMeasurePrice>2.63</UnitOfMeasurePrice>
      <AllowDiscount>0</AllowDiscount>
      <itemStatus>1</itemStatus>
      <LastUpdateDate />
      <LastUpdateTime />
    </Product>
    <Product>
      <PriceUpdateDate>2019/05/13 08:14</PriceUpdateDate>
      <ItemCode>7290111935961</ItemCode>
      <ItemType>1</ItemType>
      <ItemName>מחית עגבניות 690ג מאסטר שף</ItemName>
      <ManufactureName>ש.שסטוביץ בעמ</ManufactureName>
      <ManufactureCountry />
      <ManufactureItemDescription />
      <UnitQty>י"ח</UnitQty>
      <Quantity>690</Quantity>
      <UnitMeasure>ל  גרם</UnitMeasure>
      <BisWeighted>0</BisWeighted>
      <QtyInPackage>1</QtyInPackage>
      <ItemPrice>11.90</ItemPrice>
      <UnitOfMeasurePrice>1.72</UnitOfMeasurePrice>
      <AllowDiscount>1</AllowDiscount>
      <itemStatus>1</itemStatus>
      <LastUpdateDate />
      <LastUpdateTime />
    </Product>
    <Product>
      <PriceUpdateDate>2019/05/13 13:30</PriceUpdateDate>
      <ItemCode>7290111935985</ItemCode>
      <ItemType>1</ItemType>
      <ItemName>קוסקוס בינוני דורום 1ק"ג</ItemName>
      <ManufactureName>ש.שסטוביץ בעמ</ManufactureName>
      <ManufactureCountry />
      <ManufactureItemDescription />
      <UnitQty>י"ח</UnitQty>
      <Quantity>1</Quantity>
      <UnitMeasure>ק"ג</UnitMeasure>
      <BisWeighted>0</BisWeighted>
      <QtyInPackage>1</QtyInPackage>
      <ItemPrice>12.90</ItemPrice>
      <UnitOfMeasurePrice>12.90</UnitOfMeasurePrice>
      <AllowDiscount>0</AllowDiscount>
      <itemStatus>1</itemStatus>
      <LastUpdateDate />
      <LastUpdateTime />
    </Product>
    <Product>
      <PriceUpdateDate>2019/11/24 14:52</PriceUpdateDate>
      <ItemCode>7290111935992</ItemCode>
      <ItemType>1</ItemType>
      <ItemName>איטריות להקפצה 350ג מאסטר שף</ItemName>
      <ManufactureName>ש.שסטוביץ בעמ</ManufactureName>
      <ManufactureCountry />
      <ManufactureItemDescription />
      <UnitQty>י"ח</UnitQty>
      <Quantity>350</Quantity>
      <UnitMeasure>ל  מ"ל</UnitMeasure>
      <BisWeighted>0</BisWeighted>
      <QtyInPackage>1</QtyInPackage>
      <ItemPrice>8.90</ItemPrice>
      <UnitOfMeasurePrice>2.54</UnitOfMeasurePrice>
      <AllowDiscount>0</AllowDiscount>
      <itemStatus>1</itemStatus>
      <LastUpdateDate />
      <LastUpdateTime />
    </Product>
    <Product>
      <PriceUpdateDate>2019/08/13 14:31</PriceUpdateDate>
      <ItemCode>7290111936784</ItemCode>
      <ItemType>1</ItemType>
      <ItemName>פרי  חטיף תמרים אגוזי לוז  1/5 כשל"פ</ItemName>
      <ManufactureName>ש.שסטוביץ בעמ</ManufactureName>
      <ManufactureCountry />
      <ManufactureItemDescription />
      <UnitQty>י"ח</UnitQty>
      <Quantity>125</Quantity>
      <UnitMeasure>ל  גרם</UnitMeasure>
      <BisWeighted>0</BisWeighted>
      <QtyInPackage>1</QtyInPackage>
      <ItemPrice>15.90</ItemPrice>
      <UnitOfMeasurePrice>12.72</UnitOfMeasurePrice>
      <AllowDiscount>0</AllowDiscount>
      <itemStatus>1</itemStatus>
      <LastUpdateDate />
      <LastUpdateTime />
    </Product>
    <Product>
      <PriceUpdateDate>2019/06/12 12:41</PriceUpdateDate>
      <ItemCode>7290111938429</ItemCode>
      <ItemType>1</ItemType>
      <ItemName>פריכיות חיטה וחומוס דקות  100גרם מנה</ItemName>
      <ManufactureName>ש.שסטוביץ בעמ</ManufactureName>
      <ManufactureCountry />
      <ManufactureItemDescription />
      <UnitQty>י"ח</UnitQty>
      <Quantity>100</Quantity>
      <UnitMeasure>ל  גרם</UnitMeasure>
      <BisWeighted>0</BisWeighted>
      <QtyInPackage>1</QtyInPackage>
      <ItemPrice>9.90</ItemPrice>
      <UnitOfMeasurePrice>9.90</UnitOfMeasurePrice>
      <AllowDiscount>1</AllowDiscount>
      <itemStatus>1</itemStatus>
      <LastUpdateDate />
      <LastUpdateTime />
    </Product>
    <Product>
      <PriceUpdateDate>2020/02/03 10:08</PriceUpdateDate>
      <ItemCode>7290111938498</ItemCode>
      <ItemType>1</ItemType>
      <ItemName>רוטב סויה בהירה  700מ"ל</ItemName>
      <ManufactureName>ש.שסטוביץ בעמ</ManufactureName>
      <ManufactureCountry />
      <ManufactureItemDescription />
      <UnitQty>י"ח</UnitQty>
      <Quantity>700</Quantity>
      <UnitMeasure>ל  מ"ל</UnitMeasure>
      <BisWeighted>0</BisWeighted>
      <QtyInPackage>1</QtyInPackage>
      <ItemPrice>14.90</ItemPrice>
      <UnitOfMeasurePrice>2.13</UnitOfMeasurePrice>
      <AllowDiscount>1</AllowDiscount>
      <itemStatus>1</itemStatus>
      <LastUpdateDate />
      <LastUpdateTime />
    </Product>
    <Product>
      <PriceUpdateDate>2020/02/25 09:15</PriceUpdateDate>
      <ItemCode>7290111938535</ItemCode>
      <ItemType>1</ItemType>
      <ItemName>פוף לבבות גריל 40ג כשל"פ</ItemName>
      <ManufactureName>ש.שסטוביץ בעמ</ManufactureName>
      <ManufactureCountry />
      <ManufactureItemDescription />
      <UnitQty>י"ח</UnitQty>
      <Quantity>40</Quantity>
      <UnitMeasure>ל  גרם</UnitMeasure>
      <BisWeighted>0</BisWeighted>
      <QtyInPackage>1</QtyInPackage>
      <ItemPrice>3.80</ItemPrice>
      <UnitOfMeasurePrice>9.50</UnitOfMeasurePrice>
      <AllowDiscount>1</AllowDiscount>
      <itemStatus>1</itemStatus>
      <LastUpdateDate />
      <LastUpdateTime />
    </Product>
    <Product>
      <PriceUpdateDate>2020/03/25 08:08</PriceUpdateDate>
      <ItemCode>7290111938801</ItemCode>
      <ItemType>1</ItemType>
      <ItemName>פלמוליב מיסלר גל רחצה כותנה 750מ"ל</ItemName>
      <ManufactureName>ש.שסטוביץ בעמ</ManufactureName>
      <ManufactureCountry />
      <ManufactureItemDescription />
      <UnitQty>י"ח</UnitQty>
      <Quantity>750</Quantity>
      <UnitMeasure>ל  מ"ל</UnitMeasure>
      <BisWeighted>0</BisWeighted>
      <QtyInPackage>1</QtyInPackage>
      <ItemPrice>22.90</ItemPrice>
      <UnitOfMeasurePrice>3.05</UnitOfMeasurePrice>
      <AllowDiscount>1</AllowDiscount>
      <itemStatus>1</itemStatus>
      <LastUpdateDate />
      <LastUpdateTime />
    </Product>
    <Product>
      <PriceUpdateDate>2019/06/11 09:31</PriceUpdateDate>
      <ItemCode>7290111939006</ItemCode>
      <ItemType>1</ItemType>
      <ItemName>מ.זוג קולגייט הרבל עם תמצית צמחים</ItemName>
      <ManufactureName>ש.שסטוביץ בעמ</ManufactureName>
      <ManufactureCountry />
      <ManufactureItemDescription />
      <UnitQty>י"ח</UnitQty>
      <Quantity>1</Quantity>
      <UnitMeasure />
      <BisWeighted>0</BisWeighted>
      <QtyInPackage>1</QtyInPackage>
      <ItemPrice>19.90</ItemPrice>
      <UnitOfMeasurePrice>19.90</UnitOfMeasurePrice>
      <AllowDiscount>0</AllowDiscount>
      <itemStatus>1</itemStatus>
      <LastUpdateDate />
      <LastUpdateTime />
    </Product>
    <Product>
      <PriceUpdateDate>2020/01/23 09:30</PriceUpdateDate>
      <ItemCode>7290111939136</ItemCode>
      <ItemType>1</ItemType>
      <ItemName>קוקי נייר אפייה עגול קוטר 26</ItemName>
      <ManufactureName>ש.שסטוביץ בעמ</ManufactureName>
      <ManufactureCountry />
      <ManufactureItemDescription />
      <UnitQty>י"ח</UnitQty>
      <Quantity>10</Quantity>
      <UnitMeasure>י"ח</UnitMeasure>
      <BisWeighted>0</BisWeighted>
      <QtyInPackage>1</QtyInPackage>
      <ItemPrice>7.90</ItemPrice>
      <UnitOfMeasurePrice>0.79</UnitOfMeasurePrice>
      <AllowDiscount>0</AllowDiscount>
      <itemStatus>1</itemStatus>
      <LastUpdateDate />
      <LastUpdateTime />
    </Product>
    <Product>
      <PriceUpdateDate>2019/09/18 11:03</PriceUpdateDate>
      <ItemCode>7290112001023</ItemCode>
      <ItemType>1</ItemType>
      <ItemName>מילוי מבשם אוטומטי פיור תענוגות האביב</ItemName>
      <ManufactureName>רקיט בנקיזר (ניר איסט) בעמ</ManufactureName>
      <ManufactureCountry />
      <ManufactureItemDescription />
      <UnitQty>י"ח</UnitQty>
      <Quantity>1</Quantity>
      <UnitMeasure />
      <BisWeighted>0</BisWeighted>
      <QtyInPackage>1</QtyInPackage>
      <ItemPrice>19.90</ItemPrice>
      <UnitOfMeasurePrice>19.90</UnitOfMeasurePrice>
      <AllowDiscount>1</AllowDiscount>
      <itemStatus>1</itemStatus>
      <LastUpdateDate />
      <LastUpdateTime />
    </Product>
    <Product>
      <PriceUpdateDate>2019/08/06 09:34</PriceUpdateDate>
      <ItemCode>7290112001870</ItemCode>
      <ItemType>1</ItemType>
      <ItemName>סיליט באנג אמבטיות</ItemName>
      <ManufactureName>רקיט בנקיזר (ניר איסט) בעמ</ManufactureName>
      <ManufactureCountry />
      <ManufactureItemDescription />
      <UnitQty>י"ח</UnitQty>
      <Quantity>1</Quantity>
      <UnitMeasure />
      <BisWeighted>0</BisWeighted>
      <QtyInPackage>1</QtyInPackage>
      <ItemPrice>12.90</ItemPrice>
      <UnitOfMeasurePrice>12.90</UnitOfMeasurePrice>
      <AllowDiscount>1</AllowDiscount>
      <itemStatus>1</itemStatus>
      <LastUpdateDate />
      <LastUpdateTime />
    </Product>
    <Product>
      <PriceUpdateDate>2019/09/19 12:48</PriceUpdateDate>
      <ItemCode>7290112002099</ItemCode>
      <ItemType>1</ItemType>
      <ItemName>קולון גל 2.5 ל`רגיל כחול</ItemName>
      <ManufactureName>רקיט בנקיזר (ניר איסט) בעמ</ManufactureName>
      <ManufactureCountry />
      <ManufactureItemDescription />
      <UnitQty>י"ח</UnitQty>
      <Quantity>2.50</Quantity>
      <UnitMeasure>ליטר</UnitMeasure>
      <BisWeighted>0</BisWeighted>
      <QtyInPackage>1</QtyInPackage>
      <ItemPrice>24.90</ItemPrice>
      <UnitOfMeasurePrice>9.96</UnitOfMeasurePrice>
      <AllowDiscount>1</AllowDiscount>
      <itemStatus>1</itemStatus>
      <LastUpdateDate />
      <LastUpdateTime />
    </Product>
    <Product>
      <PriceUpdateDate>2019/09/19 12:48</PriceUpdateDate>
      <ItemCode>7290112002105</ItemCode>
      <ItemType>1</ItemType>
      <ItemName>קולון גל 2.5 ל`כביסה מרוכז סגול</ItemName>
      <ManufactureName>רקיט בנקיזר (ניר איסט) בעמ</ManufactureName>
      <ManufactureCountry />
      <ManufactureItemDescription />
      <UnitQty>י"ח</UnitQty>
      <Quantity>2.50</Quantity>
      <UnitMeasure>ליטר</UnitMeasure>
      <BisWeighted>0</BisWeighted>
      <QtyInPackage>1</QtyInPackage>
      <ItemPrice>24.90</ItemPrice>
      <UnitOfMeasurePrice>9.96</UnitOfMeasurePrice>
      <AllowDiscount>1</AllowDiscount>
      <itemStatus>1</itemStatus>
      <LastUpdateDate />
      <LastUpdateTime />
    </Product>
    <Product>
      <PriceUpdateDate>2019/09/19 12:48</PriceUpdateDate>
      <ItemCode>7290112002143</ItemCode>
      <ItemType>1</ItemType>
      <ItemName>קולון גל 4  ל`לילך סגול</ItemName>
      <ManufactureName>רקיט בנקיזר (ניר איסט) בעמ</ManufactureName>
      <ManufactureCountry />
      <ManufactureItemDescription />
      <UnitQty>י"ח</UnitQty>
      <Quantity>4</Quantity>
      <UnitMeasure>ליטר</UnitMeasure>
      <BisWeighted>0</BisWeighted>
      <QtyInPackage>1</QtyInPackage>
      <ItemPrice>34.90</ItemPrice>
      <UnitOfMeasurePrice>8.73</UnitOfMeasurePrice>
      <AllowDiscount>0</AllowDiscount>
      <itemStatus>1</itemStatus>
      <LastUpdateDate />
      <LastUpdateTime />
    </Product>
    <Product>
      <PriceUpdateDate>2018/12/04 15:26</PriceUpdateDate>
      <ItemCode>7290112011299</ItemCode>
      <ItemType>1</ItemType>
      <ItemName>רוטב תאילנדי להקפצה 440ג תמרה</ItemName>
      <ManufactureName>תומר יבוא ושיווק מזון</ManufactureName>
      <ManufactureCountry />
      <ManufactureItemDescription />
      <UnitQty>י"ח</UnitQty>
      <Quantity>440</Quantity>
      <UnitMeasure>ל  גרם</UnitMeasure>
      <BisWeighted>0</BisWeighted>
      <QtyInPackage>1</QtyInPackage>
      <ItemPrice>10.90</ItemPrice>
      <UnitOfMeasurePrice>2.48</UnitOfMeasurePrice>
      <AllowDiscount>0</AllowDiscount>
      <itemStatus>1</itemStatus>
      <LastUpdateDate />
      <LastUpdateTime />
    </Product>
    <Product>
      <PriceUpdateDate>2020/04/02 09:20</PriceUpdateDate>
      <ItemCode>7290112190345</ItemCode>
      <ItemType>1</ItemType>
      <ItemName>סבון נוזלי 1 ליטר מ.צוי`ס סגול</ItemName>
      <ManufactureName>א.ג בחירה חכמה בעמ</ManufactureName>
      <ManufactureCountry />
      <ManufactureItemDescription />
      <UnitQty>י"ח</UnitQty>
      <Quantity>1</Quantity>
      <UnitMeasure>ליטר</UnitMeasure>
      <BisWeighted>0</BisWeighted>
      <QtyInPackage>1</QtyInPackage>
      <ItemPrice>9.90</ItemPrice>
      <UnitOfMeasurePrice>9.90</UnitOfMeasurePrice>
      <AllowDiscount>1</AllowDiscount>
      <itemStatus>1</itemStatus>
      <LastUpdateDate />
      <LastUpdateTime />
    </Product>
    <Product>
      <PriceUpdateDate>2020/04/02 09:20</PriceUpdateDate>
      <ItemCode>7290112190352</ItemCode>
      <ItemType>1</ItemType>
      <ItemName>סבון נוזלי 1 ליטר מ.צוי`ס ורוד</ItemName>
      <ManufactureName>א.ג בחירה חכמה בעמ</ManufactureName>
      <ManufactureCountry />
      <ManufactureItemDescription />
      <UnitQty>י"ח</UnitQty>
      <Quantity>1</Quantity>
      <UnitMeasure>ליטר</UnitMeasure>
      <BisWeighted>0</BisWeighted>
      <QtyInPackage>1</QtyInPackage>
      <ItemPrice>9.90</ItemPrice>
      <UnitOfMeasurePrice>9.90</UnitOfMeasurePrice>
      <AllowDiscount>1</AllowDiscount>
      <itemStatus>1</itemStatus>
      <LastUpdateDate />
      <LastUpdateTime />
    </Product>
    <Product>
      <PriceUpdateDate>2018/06/03 11:58</PriceUpdateDate>
      <ItemCode>7290112190468</ItemCode>
      <ItemType>1</ItemType>
      <ItemName>שמן זית  כתית מעולה  750מ"ל G</ItemName>
      <ManufactureName>א.ג בחירה חכמה בעמ</ManufactureName>
      <ManufactureCountry />
      <ManufactureItemDescription />
      <UnitQty>י"ח</UnitQty>
      <Quantity>750</Quantity>
      <UnitMeasure>ל  מ"ל</UnitMeasure>
      <BisWeighted>0</BisWeighted>
      <QtyInPackage>1</QtyInPackage>
      <ItemPrice>29.90</ItemPrice>
      <UnitOfMeasurePrice>3.99</UnitOfMeasurePrice>
      <AllowDiscount>0</AllowDiscount>
      <itemStatus>1</itemStatus>
      <LastUpdateDate />
      <LastUpdateTime />
    </Product>
    <Product>
      <PriceUpdateDate>2019/03/11 08:55</PriceUpdateDate>
      <ItemCode>7290112192325</ItemCode>
      <ItemType>1</ItemType>
      <ItemName>ספירה מכשיר +מילוי 45יח.</ItemName>
      <ManufactureName>גורי ע.ע.ע. בעמ</ManufactureName>
      <ManufactureCountry />
      <ManufactureItemDescription />
      <UnitQty>י"ח</UnitQty>
      <Quantity>70</Quantity>
      <UnitMeasure>ל  מ"ל</UnitMeasure>
      <BisWeighted>0</BisWeighted>
      <QtyInPackage>1</QtyInPackage>
      <ItemPrice>33.90</ItemPrice>
      <UnitOfMeasurePrice>48.43</UnitOfMeasurePrice>
      <AllowDiscount>0</AllowDiscount>
      <itemStatus>1</itemStatus>
      <LastUpdateDate />
      <LastUpdateTime />
    </Product>
    <Product>
      <PriceUpdateDate>2019/03/11 08:53</PriceUpdateDate>
      <ItemCode>7290112192509</ItemCode>
      <ItemType>1</ItemType>
      <ItemName>פרורי לחם 250ג  GFREE.</ItemName>
      <ManufactureName>גורי מוצרי צריכה בעמ</ManufactureName>
      <ManufactureCountry />
      <ManufactureItemDescription />
      <UnitQty>י"ח</UnitQty>
      <Quantity>250</Quantity>
      <UnitMeasure>ל  גרם</UnitMeasure>
      <BisWeighted>0</BisWeighted>
      <QtyInPackage>1</QtyInPackage>
      <ItemPrice>16.90</ItemPrice>
      <UnitOfMeasurePrice>6.76</UnitOfMeasurePrice>
      <AllowDiscount>0</AllowDiscount>
      <itemStatus>1</itemStatus>
      <LastUpdateDate />
      <LastUpdateTime />
    </Product>
    <Product>
      <PriceUpdateDate>2019/11/26 06:44</PriceUpdateDate>
      <ItemCode>7290112192875</ItemCode>
      <ItemType>1</ItemType>
      <ItemName>משחת סנסודיין רגישות וחניכיים</ItemName>
      <ManufactureName>גורי ע.ע.ע. בעמ</ManufactureName>
      <ManufactureCountry />
      <ManufactureItemDescription />
      <UnitQty>י"ח</UnitQty>
      <Quantity>75</Quantity>
      <UnitMeasure>ל  גרם</UnitMeasure>
      <BisWeighted>0</BisWeighted>
      <QtyInPackage>1</QtyInPackage>
      <ItemPrice>34.90</ItemPrice>
      <UnitOfMeasurePrice>46.53</UnitOfMeasurePrice>
      <AllowDiscount>1</AllowDiscount>
      <itemStatus>1</itemStatus>
      <LastUpdateDate />
      <LastUpdateTime />
    </Product>
    <Product>
      <PriceUpdateDate>2020/04/27 08:20</PriceUpdateDate>
      <ItemCode>7290112195005</ItemCode>
      <ItemType>1</ItemType>
      <ItemName>שמן זית  כתית מעולה  750מ"ל</ItemName>
      <ManufactureName>א.ג בחירה חכמה בעמ</ManufactureName>
      <ManufactureCountry />
      <ManufactureItemDescription />
      <UnitQty>י"ח</UnitQty>
      <Quantity>750</Quantity>
      <UnitMeasure>ל  מ"ל</UnitMeasure>
      <BisWeighted>0</BisWeighted>
      <QtyInPackage>1</QtyInPackage>
      <ItemPrice>29.90</ItemPrice>
      <UnitOfMeasurePrice>3.99</UnitOfMeasurePrice>
      <AllowDiscount>0</AllowDiscount>
      <itemStatus>1</itemStatus>
      <LastUpdateDate />
      <LastUpdateTime />
    </Product>
    <Product>
      <PriceUpdateDate>2020/04/27 08:20</PriceUpdateDate>
      <ItemCode>7290112195012</ItemCode>
      <ItemType>1</ItemType>
      <ItemName>שמן זית  כתית מעולה  750מ"ל</ItemName>
      <ManufactureName>א.ג בחירה חכמה בעמ</ManufactureName>
      <ManufactureCountry />
      <ManufactureItemDescription />
      <UnitQty>י"ח</UnitQty>
      <Quantity>750</Quantity>
      <UnitMeasure>ל  מ"ל</UnitMeasure>
      <BisWeighted>0</BisWeighted>
      <QtyInPackage>1</QtyInPackage>
      <ItemPrice>29.90</ItemPrice>
      <UnitOfMeasurePrice>3.99</UnitOfMeasurePrice>
      <AllowDiscount>0</AllowDiscount>
      <itemStatus>1</itemStatus>
      <LastUpdateDate />
      <LastUpdateTime />
    </Product>
    <Product>
      <PriceUpdateDate>2019/05/14 07:14</PriceUpdateDate>
      <ItemCode>7290112330352</ItemCode>
      <ItemType>1</ItemType>
      <ItemName>דנונה פרו 20גר וניל 0% שומן</ItemName>
      <ManufactureName>שטראוס גרופ ***בעמ</ManufactureName>
      <ManufactureCountry />
      <ManufactureItemDescription />
      <UnitQty>י"ח</UnitQty>
      <Quantity>20</Quantity>
      <UnitMeasure>ל  מ"ל</UnitMeasure>
      <BisWeighted>0</BisWeighted>
      <QtyInPackage>1</QtyInPackage>
      <ItemPrice>5.90</ItemPrice>
      <UnitOfMeasurePrice>29.50</UnitOfMeasurePrice>
      <AllowDiscount>0</AllowDiscount>
      <itemStatus>1</itemStatus>
      <LastUpdateDate />
      <LastUpdateTime />
    </Product>
    <Product>
      <PriceUpdateDate>2019/05/14 07:14</PriceUpdateDate>
      <ItemCode>7290112330390</ItemCode>
      <ItemType>1</ItemType>
      <ItemName>דנונה פרו 20גר פירות יער 0% שומן</ItemName>
      <ManufactureName>שטראוס גרופ ***בעמ</ManufactureName>
      <ManufactureCountry />
      <ManufactureItemDescription />
      <UnitQty>י"ח</UnitQty>
      <Quantity>200</Quantity>
      <UnitMeasure>ל  מ"ל</UnitMeasure>
      <BisWeighted>0</BisWeighted>
      <QtyInPackage>1</QtyInPackage>
      <ItemPrice>5.90</ItemPrice>
      <UnitOfMeasurePrice>2.95</UnitOfMeasurePrice>
      <AllowDiscount>0</AllowDiscount>
      <itemStatus>1</itemStatus>
      <LastUpdateDate />
      <LastUpdateTime />
    </Product>
    <Product>
      <PriceUpdateDate>2019/07/02 13:43</PriceUpdateDate>
      <ItemCode>7290112330420</ItemCode>
      <ItemType>1</ItemType>
      <ItemName>דנונה פרו לבן 2.9% שומן בודד 150גר</ItemName>
      <ManufactureName>שטראוס גרופ ***בעמ</ManufactureName>
      <ManufactureCountry />
      <ManufactureItemDescription />
      <UnitQty>י"ח</UnitQty>
      <Quantity>150</Quantity>
      <UnitMeasure>ל  גרם</UnitMeasure>
      <BisWeighted>0</BisWeighted>
      <QtyInPackage>1</QtyInPackage>
      <ItemPrice>4.60</ItemPrice>
      <UnitOfMeasurePrice>3.07</UnitOfMeasurePrice>
      <AllowDiscount>0</AllowDiscount>
      <itemStatus>1</itemStatus>
      <LastUpdateDate />
      <LastUpdateTime />
    </Product>
    <Product>
      <PriceUpdateDate>2019/08/25 07:40</PriceUpdateDate>
      <ItemCode>7290112330475</ItemCode>
      <ItemType>1</ItemType>
      <ItemName>אקטימל שמיניה פטל</ItemName>
      <ManufactureName>שטראוס גרופ ***בעמ</ManufactureName>
      <ManufactureCountry />
      <ManufactureItemDescription />
      <UnitQty>י"ח</UnitQty>
      <Quantity>800</Quantity>
      <UnitMeasure>ל  מ"ל</UnitMeasure>
      <BisWeighted>0</BisWeighted>
      <QtyInPackage>1</QtyInPackage>
      <ItemPrice>20.90</ItemPrice>
      <UnitOfMeasurePrice>2.61</UnitOfMeasurePrice>
      <AllowDiscount>1</AllowDiscount>
      <itemStatus>1</itemStatus>
      <LastUpdateDate />
      <LastUpdateTime />
    </Product>
    <Product>
      <PriceUpdateDate>2019/02/17 18:12</PriceUpdateDate>
      <ItemCode>7290112330970</ItemCode>
      <ItemType>1</ItemType>
      <ItemName>שייק חלבון מי גבינה עם פירות יער 350</ItemName>
      <ManufactureName>שטראוס גרופ ***בעמ</ManufactureName>
      <ManufactureCountry />
      <ManufactureItemDescription />
      <UnitQty>י"ח</UnitQty>
      <Quantity>350</Quantity>
      <UnitMeasure>ל  גרם</UnitMeasure>
      <BisWeighted>0</BisWeighted>
      <QtyInPackage>1</QtyInPackage>
      <ItemPrice>7.90</ItemPrice>
      <UnitOfMeasurePrice>2.26</UnitOfMeasurePrice>
      <AllowDiscount>0</AllowDiscount>
      <itemStatus>1</itemStatus>
      <LastUpdateDate />
      <LastUpdateTime />
    </Product>
    <Product>
      <PriceUpdateDate>2019/06/03 12:00</PriceUpdateDate>
      <ItemCode>7290112331946</ItemCode>
      <ItemType>1</ItemType>
      <ItemName>רבע לשבע טורטית 120גר`</ItemName>
      <ManufactureName>שטראוס גרופ בעמ</ManufactureName>
      <ManufactureCountry />
      <ManufactureItemDescription />
      <UnitQty>י"ח</UnitQty>
      <Quantity>120</Quantity>
      <UnitMeasure>ל  גרם</UnitMeasure>
      <BisWeighted>0</BisWeighted>
      <QtyInPackage>1</QtyInPackage>
      <ItemPrice>11.90</ItemPrice>
      <UnitOfMeasurePrice>9.92</UnitOfMeasurePrice>
      <AllowDiscount>1</AllowDiscount>
      <itemStatus>1</itemStatus>
      <LastUpdateDate />
      <LastUpdateTime />
    </Product>
    <Product>
      <PriceUpdateDate>2019/09/26 14:07</PriceUpdateDate>
      <ItemCode>7290112332028</ItemCode>
      <ItemType>1</ItemType>
      <ItemName>כיף כף בלונדי</ItemName>
      <ManufactureName>שטראוס גרופ בעמ</ManufactureName>
      <ManufactureCountry />
      <ManufactureItemDescription />
      <UnitQty>י"ח</UnitQty>
      <Quantity>45</Quantity>
      <UnitMeasure>ל  גרם</UnitMeasure>
      <BisWeighted>0</BisWeighted>
      <QtyInPackage>1</QtyInPackage>
      <ItemPrice>3.90</ItemPrice>
      <UnitOfMeasurePrice>8.67</UnitOfMeasurePrice>
      <AllowDiscount>1</AllowDiscount>
      <itemStatus>1</itemStatus>
      <LastUpdateDate />
      <LastUpdateTime />
    </Product>
    <Product>
      <PriceUpdateDate>2019/09/26 14:07</PriceUpdateDate>
      <ItemCode>7290112332158</ItemCode>
      <ItemType>1</ItemType>
      <ItemName>בלונדי שוקולד קרם שמנת 100גר</ItemName>
      <ManufactureName>שטראוס גרופ בעמ</ManufactureName>
      <ManufactureCountry />
      <ManufactureItemDescription />
      <UnitQty>י"ח</UnitQty>
      <Quantity>100</Quantity>
      <UnitMeasure>ל  גרם</UnitMeasure>
      <BisWeighted>0</BisWeighted>
      <QtyInPackage>1</QtyInPackage>
      <ItemPrice>6.90</ItemPrice>
      <UnitOfMeasurePrice>6.90</UnitOfMeasurePrice>
      <AllowDiscount>1</AllowDiscount>
      <itemStatus>1</itemStatus>
      <LastUpdateDate />
      <LastUpdateTime />
    </Product>
    <Product>
      <PriceUpdateDate>2019/06/19 15:37</PriceUpdateDate>
      <ItemCode>7290112332585</ItemCode>
      <ItemType>1</ItemType>
      <ItemName>פריכיות תפו"א,אורז,בתיבול סלק ומלח  30גר</ItemName>
      <ManufactureName>שטראוס גרופ בעמ</ManufactureName>
      <ManufactureCountry />
      <ManufactureItemDescription />
      <UnitQty>י"ח</UnitQty>
      <Quantity>30</Quantity>
      <UnitMeasure>ל  גרם</UnitMeasure>
      <BisWeighted>0</BisWeighted>
      <QtyInPackage>1</QtyInPackage>
      <ItemPrice>4.90</ItemPrice>
      <UnitOfMeasurePrice>16.33</UnitOfMeasurePrice>
      <AllowDiscount>0</AllowDiscount>
      <itemStatus>1</itemStatus>
      <LastUpdateDate />
      <LastUpdateTime />
    </Product>
    <Product>
      <PriceUpdateDate>2020/02/25 09:15</PriceUpdateDate>
      <ItemCode>7290112332592</ItemCode>
      <ItemType>1</ItemType>
      <ItemName>פריכיות הטעימות פוטטוס 110גר דקות</ItemName>
      <ManufactureName>שטראוס גרופ בעמ</ManufactureName>
      <ManufactureCountry />
      <ManufactureItemDescription />
      <UnitQty>י"ח</UnitQty>
      <Quantity>110</Quantity>
      <UnitMeasure>ל  גרם</UnitMeasure>
      <BisWeighted>0</BisWeighted>
      <QtyInPackage>1</QtyInPackage>
      <ItemPrice>9.90</ItemPrice>
      <UnitOfMeasurePrice>9</UnitOfMeasurePrice>
      <AllowDiscount>0</AllowDiscount>
      <itemStatus>1</itemStatus>
      <LastUpdateDate />
      <LastUpdateTime />
    </Product>
    <Product>
      <PriceUpdateDate>2019/07/22 10:36</PriceUpdateDate>
      <ItemCode>7290112332691</ItemCode>
      <ItemType>1</ItemType>
      <ItemName>פינוקיות פסק זמן אגוזים 200גר</ItemName>
      <ManufactureName>שטראוס גרופ בעמ</ManufactureName>
      <ManufactureCountry />
      <ManufactureItemDescription />
      <UnitQty>י"ח</UnitQty>
      <Quantity>200</Quantity>
      <UnitMeasure>ל  גרם</UnitMeasure>
      <BisWeighted>0</BisWeighted>
      <QtyInPackage>1</QtyInPackage>
      <ItemPrice>10.90</ItemPrice>
      <UnitOfMeasurePrice>5.45</UnitOfMeasurePrice>
      <AllowDiscount>1</AllowDiscount>
      <itemStatus>1</itemStatus>
      <LastUpdateDate />
      <LastUpdateTime />
    </Product>
    <Product>
      <PriceUpdateDate>2019/06/19 15:37</PriceUpdateDate>
      <ItemCode>7290112332899</ItemCode>
      <ItemType>1</ItemType>
      <ItemName>מסטיק בזוקה פופים קלאסי 58גר</ItemName>
      <ManufactureName>שטראוס גרופ בעמ</ManufactureName>
      <ManufactureCountry />
      <ManufactureItemDescription />
      <UnitQty>י"ח</UnitQty>
      <Quantity>58</Quantity>
      <UnitMeasure>ל  גרם</UnitMeasure>
      <BisWeighted>0</BisWeighted>
      <QtyInPackage>1</QtyInPackage>
      <ItemPrice>9.80</ItemPrice>
      <UnitOfMeasurePrice>16.90</UnitOfMeasurePrice>
      <AllowDiscount>1</AllowDiscount>
      <itemStatus>1</itemStatus>
      <LastUpdateDate />
      <LastUpdateTime />
    </Product>
    <Product>
      <PriceUpdateDate>2019/01/25 09:10</PriceUpdateDate>
      <ItemCode>7290112334305</ItemCode>
      <ItemType>1</ItemType>
      <ItemName>סלט כרובית בטחינה 330גר</ItemName>
      <ManufactureName>שטראוס גרופ ***בעמ</ManufactureName>
      <ManufactureCountry />
      <ManufactureItemDescription />
      <UnitQty>י"ח</UnitQty>
      <Quantity>400</Quantity>
      <UnitMeasure>ל  גרם</UnitMeasure>
      <BisWeighted>0</BisWeighted>
      <QtyInPackage>1</QtyInPackage>
      <ItemPrice>15.50</ItemPrice>
      <UnitOfMeasurePrice>3.88</UnitOfMeasurePrice>
      <AllowDiscount>0</AllowDiscount>
      <itemStatus>1</itemStatus>
      <LastUpdateDate />
      <LastUpdateTime />
    </Product>
    <Product>
      <PriceUpdateDate>2020/03/19 14:24</PriceUpdateDate>
      <ItemCode>7290112334596</ItemCode>
      <ItemType>1</ItemType>
      <ItemName>שוקולית 850 ג  (שקית) +</ItemName>
      <ManufactureName>שטראוס גרופ בעמ</ManufactureName>
      <ManufactureCountry />
      <ManufactureItemDescription />
      <UnitQty>י"ח</UnitQty>
      <Quantity>850</Quantity>
      <UnitMeasure>ל  גרם</UnitMeasure>
      <BisWeighted>0</BisWeighted>
      <QtyInPackage>1</QtyInPackage>
      <ItemPrice>16.90</ItemPrice>
      <UnitOfMeasurePrice>1.99</UnitOfMeasurePrice>
      <AllowDiscount>0</AllowDiscount>
      <itemStatus>1</itemStatus>
      <LastUpdateDate />
      <LastUpdateTime />
    </Product>
    <Product>
      <PriceUpdateDate>2019/04/15 10:04</PriceUpdateDate>
      <ItemCode>7290112334886</ItemCode>
      <ItemType>1</ItemType>
      <ItemName>פסק זמן טראפלס מגדים 45גר</ItemName>
      <ManufactureName>שטראוס גרופ בעמ</ManufactureName>
      <ManufactureCountry />
      <ManufactureItemDescription />
      <UnitQty>י"ח</UnitQty>
      <Quantity>45</Quantity>
      <UnitMeasure>ל  גרם</UnitMeasure>
      <BisWeighted>0</BisWeighted>
      <QtyInPackage>1</QtyInPackage>
      <ItemPrice>4.70</ItemPrice>
      <UnitOfMeasurePrice>10.44</UnitOfMeasurePrice>
      <AllowDiscount>0</AllowDiscount>
      <itemStatus>1</itemStatus>
      <LastUpdateDate />
      <LastUpdateTime />
    </Product>
    <Product>
      <PriceUpdateDate>2019/04/15 10:04</PriceUpdateDate>
      <ItemCode>7290112334893</ItemCode>
      <ItemType>1</ItemType>
      <ItemName>פסק זמן אלפחורס מגדים 45גר</ItemName>
      <ManufactureName>שטראוס גרופ בעמ</ManufactureName>
      <ManufactureCountry />
      <ManufactureItemDescription />
      <UnitQty>י"ח</UnitQty>
      <Quantity>45</Quantity>
      <UnitMeasure>ל  גרם</UnitMeasure>
      <BisWeighted>0</BisWeighted>
      <QtyInPackage>1</QtyInPackage>
      <ItemPrice>4.70</ItemPrice>
      <UnitOfMeasurePrice>10.44</UnitOfMeasurePrice>
      <AllowDiscount>0</AllowDiscount>
      <itemStatus>1</itemStatus>
      <LastUpdateDate />
      <LastUpdateTime />
    </Product>
    <Product>
      <PriceUpdateDate>2019/02/14 16:27</PriceUpdateDate>
      <ItemCode>7290112335043</ItemCode>
      <ItemType>1</ItemType>
      <ItemName>מרשמלו בזוקה 150גר עלית</ItemName>
      <ManufactureName>שטראוס גרופ בעמ</ManufactureName>
      <ManufactureCountry />
      <ManufactureItemDescription />
      <UnitQty>י"ח</UnitQty>
      <Quantity>150</Quantity>
      <UnitMeasure>ל  גרם</UnitMeasure>
      <BisWeighted>0</BisWeighted>
      <QtyInPackage>1</QtyInPackage>
      <ItemPrice>5.90</ItemPrice>
      <UnitOfMeasurePrice>3.93</UnitOfMeasurePrice>
      <AllowDiscount>1</AllowDiscount>
      <itemStatus>1</itemStatus>
      <LastUpdateDate />
      <LastUpdateTime />
    </Product>
    <Product>
      <PriceUpdateDate>2019/02/14 16:27</PriceUpdateDate>
      <ItemCode>7290112335050</ItemCode>
      <ItemType>1</ItemType>
      <ItemName>מרשמלו וניל 150גר עלית</ItemName>
      <ManufactureName>שטראוס גרופ בעמ</ManufactureName>
      <ManufactureCountry />
      <ManufactureItemDescription />
      <UnitQty>י"ח</UnitQty>
      <Quantity>150</Quantity>
      <UnitMeasure>ל  גרם</UnitMeasure>
      <BisWeighted>0</BisWeighted>
      <QtyInPackage>1</QtyInPackage>
      <ItemPrice>5.90</ItemPrice>
      <UnitOfMeasurePrice>3.93</UnitOfMeasurePrice>
      <AllowDiscount>1</AllowDiscount>
      <itemStatus>1</itemStatus>
      <LastUpdateDate />
      <LastUpdateTime />
    </Product>
    <Product>
      <PriceUpdateDate>2019/12/09 12:18</PriceUpdateDate>
      <ItemCode>7290112335425</ItemCode>
      <ItemType>1</ItemType>
      <ItemName>צ יטוס חמוץ חריף 80ג</ItemName>
      <ManufactureName>שטראוס פריטו ליי בעמ</ManufactureName>
      <ManufactureCountry />
      <ManufactureItemDescription />
      <UnitQty>י"ח</UnitQty>
      <Quantity>80</Quantity>
      <UnitMeasure>ל  גרם</UnitMeasure>
      <BisWeighted>0</BisWeighted>
      <QtyInPackage>1</QtyInPackage>
      <ItemPrice>4.20</ItemPrice>
      <UnitOfMeasurePrice>5.25</UnitOfMeasurePrice>
      <AllowDiscount>0</AllowDiscount>
      <itemStatus>1</itemStatus>
      <LastUpdateDate />
      <LastUpdateTime />
    </Product>
    <Product>
      <PriceUpdateDate>2019/06/19 15:37</PriceUpdateDate>
      <ItemCode>7290112335487</ItemCode>
      <ItemType>1</ItemType>
      <ItemName>פריכיות הטעימות קצח ודגנים 135גר</ItemName>
      <ManufactureName>שטראוס גרופ בעמ</ManufactureName>
      <ManufactureCountry />
      <ManufactureItemDescription />
      <UnitQty>י"ח</UnitQty>
      <Quantity>135</Quantity>
      <UnitMeasure>ל  גרם</UnitMeasure>
      <BisWeighted>0</BisWeighted>
      <QtyInPackage>1</QtyInPackage>
      <ItemPrice>11.90</ItemPrice>
      <UnitOfMeasurePrice>8.81</UnitOfMeasurePrice>
      <AllowDiscount>1</AllowDiscount>
      <itemStatus>1</itemStatus>
      <LastUpdateDate />
      <LastUpdateTime />
    </Product>
    <Product>
      <PriceUpdateDate>2019/06/19 15:37</PriceUpdateDate>
      <ItemCode>7290112335494</ItemCode>
      <ItemType>1</ItemType>
      <ItemName>פריכיות הטעימות פוטטוס 135גר</ItemName>
      <ManufactureName>שטראוס גרופ בעמ</ManufactureName>
      <ManufactureCountry />
      <ManufactureItemDescription />
      <UnitQty>י"ח</UnitQty>
      <Quantity>135</Quantity>
      <UnitMeasure>ל  גרם</UnitMeasure>
      <BisWeighted>0</BisWeighted>
      <QtyInPackage>1</QtyInPackage>
      <ItemPrice>11.90</ItemPrice>
      <UnitOfMeasurePrice>8.81</UnitOfMeasurePrice>
      <AllowDiscount>1</AllowDiscount>
      <itemStatus>1</itemStatus>
      <LastUpdateDate />
      <LastUpdateTime />
    </Product>
    <Product>
      <PriceUpdateDate>2019/06/19 15:37</PriceUpdateDate>
      <ItemCode>7290112335531</ItemCode>
      <ItemType>1</ItemType>
      <ItemName>סוכריות MUST לל"ס אבטיח 80גר</ItemName>
      <ManufactureName>שטראוס גרופ בעמ</ManufactureName>
      <ManufactureCountry />
      <ManufactureItemDescription />
      <UnitQty>י"ח</UnitQty>
      <Quantity>1</Quantity>
      <UnitMeasure />
      <BisWeighted>0</BisWeighted>
      <QtyInPackage>1</QtyInPackage>
      <ItemPrice>8.40</ItemPrice>
      <UnitOfMeasurePrice>8.40</UnitOfMeasurePrice>
      <AllowDiscount>0</AllowDiscount>
      <itemStatus>1</itemStatus>
      <LastUpdateDate />
      <LastUpdateTime />
    </Product>
    <Product>
      <PriceUpdateDate>2020/03/22 13:45</PriceUpdateDate>
      <ItemCode>7290112335784</ItemCode>
      <ItemType>1</ItemType>
      <ItemName>פסק זמן רול מריר עוגיות</ItemName>
      <ManufactureName>שטראוס גרופ בעמ</ManufactureName>
      <ManufactureCountry />
      <ManufactureItemDescription />
      <UnitQty>י"ח</UnitQty>
      <Quantity>40</Quantity>
      <UnitMeasure>ל  גרם</UnitMeasure>
      <BisWeighted>0</BisWeighted>
      <QtyInPackage>1</QtyInPackage>
      <ItemPrice>3.90</ItemPrice>
      <UnitOfMeasurePrice>9.75</UnitOfMeasurePrice>
      <AllowDiscount>0</AllowDiscount>
      <itemStatus>1</itemStatus>
      <LastUpdateDate />
      <LastUpdateTime />
    </Product>
    <Product>
      <PriceUpdateDate>2019/12/22 07:15</PriceUpdateDate>
      <ItemCode>7290112335999</ItemCode>
      <ItemType>1</ItemType>
      <ItemName>אשכולות ספלנדיד שוקולד מריר 105ג</ItemName>
      <ManufactureName>שטראוס גרופ בעמ</ManufactureName>
      <ManufactureCountry />
      <ManufactureItemDescription />
      <UnitQty>י"ח</UnitQty>
      <Quantity>105</Quantity>
      <UnitMeasure>ל  גרם</UnitMeasure>
      <BisWeighted>0</BisWeighted>
      <QtyInPackage>1</QtyInPackage>
      <ItemPrice>13.90</ItemPrice>
      <UnitOfMeasurePrice>13.24</UnitOfMeasurePrice>
      <AllowDiscount>1</AllowDiscount>
      <itemStatus>1</itemStatus>
      <LastUpdateDate />
      <LastUpdateTime />
    </Product>
    <Product>
      <PriceUpdateDate>2019/09/26 14:07</PriceUpdateDate>
      <ItemCode>7290112336637</ItemCode>
      <ItemType>1</ItemType>
      <ItemName>סוכריות MUST טעם לל"ס יוגורט תות אוכמנ</ItemName>
      <ManufactureName>שטראוס גרופ בעמ</ManufactureName>
      <ManufactureCountry />
      <ManufactureItemDescription />
      <UnitQty>י"ח</UnitQty>
      <Quantity>80</Quantity>
      <UnitMeasure>ל  גרם</UnitMeasure>
      <BisWeighted>0</BisWeighted>
      <QtyInPackage>1</QtyInPackage>
      <ItemPrice>8.40</ItemPrice>
      <UnitOfMeasurePrice>10.50</UnitOfMeasurePrice>
      <AllowDiscount>0</AllowDiscount>
      <itemStatus>1</itemStatus>
      <LastUpdateDate />
      <LastUpdateTime />
    </Product>
    <Product>
      <PriceUpdateDate>2019/09/26 14:07</PriceUpdateDate>
      <ItemCode>7290112336644</ItemCode>
      <ItemType>1</ItemType>
      <ItemName>סוכריות MUST טעם לל"ס לימון</ItemName>
      <ManufactureName>שטראוס גרופ בעמ</ManufactureName>
      <ManufactureCountry />
      <ManufactureItemDescription />
      <UnitQty>י"ח</UnitQty>
      <Quantity>80</Quantity>
      <UnitMeasure>ל  גרם</UnitMeasure>
      <BisWeighted>0</BisWeighted>
      <QtyInPackage>1</QtyInPackage>
      <ItemPrice>8.40</ItemPrice>
      <UnitOfMeasurePrice>10.50</UnitOfMeasurePrice>
      <AllowDiscount>0</AllowDiscount>
      <itemStatus>1</itemStatus>
      <LastUpdateDate />
      <LastUpdateTime />
    </Product>
    <Product>
      <PriceUpdateDate>2019/03/17 09:20</PriceUpdateDate>
      <ItemCode>7290112336712</ItemCode>
      <ItemType>1</ItemType>
      <ItemName>דנונה פרו 21גר 0% 200גר</ItemName>
      <ManufactureName>שטראוס גרופ ***בעמ</ManufactureName>
      <ManufactureCountry />
      <ManufactureItemDescription />
      <UnitQty>י"ח</UnitQty>
      <Quantity>20</Quantity>
      <UnitMeasure>ל  מ"ל</UnitMeasure>
      <BisWeighted>0</BisWeighted>
      <QtyInPackage>1</QtyInPackage>
      <ItemPrice>5.90</ItemPrice>
      <UnitOfMeasurePrice>29.50</UnitOfMeasurePrice>
      <AllowDiscount>0</AllowDiscount>
      <itemStatus>1</itemStatus>
      <LastUpdateDate />
      <LastUpdateTime />
    </Product>
    <Product>
      <PriceUpdateDate>2019/06/19 15:37</PriceUpdateDate>
      <ItemCode>7290112337450</ItemCode>
      <ItemType>1</ItemType>
      <ItemName>מסטיק בזוקה פופים בטעם תות 58גר</ItemName>
      <ManufactureName>שטראוס גרופ בעמ</ManufactureName>
      <ManufactureCountry />
      <ManufactureItemDescription />
      <UnitQty>י"ח</UnitQty>
      <Quantity>66</Quantity>
      <UnitMeasure>ל  גרם</UnitMeasure>
      <BisWeighted>0</BisWeighted>
      <QtyInPackage>1</QtyInPackage>
      <ItemPrice>9.80</ItemPrice>
      <UnitOfMeasurePrice>14.85</UnitOfMeasurePrice>
      <AllowDiscount>1</AllowDiscount>
      <itemStatus>1</itemStatus>
      <LastUpdateDate />
      <LastUpdateTime />
    </Product>
    <Product>
      <PriceUpdateDate>2019/01/25 09:10</PriceUpdateDate>
      <ItemCode>7290112338877</ItemCode>
      <ItemType>1</ItemType>
      <ItemName>סקי תות 3% 125גר</ItemName>
      <ManufactureName>שטראוס גרופ ***בעמ</ManufactureName>
      <ManufactureCountry />
      <ManufactureItemDescription />
      <UnitQty>י"ח</UnitQty>
      <Quantity>125</Quantity>
      <UnitMeasure>ל  גרם</UnitMeasure>
      <BisWeighted>0</BisWeighted>
      <QtyInPackage>1</QtyInPackage>
      <ItemPrice>3.90</ItemPrice>
      <UnitOfMeasurePrice>3.12</UnitOfMeasurePrice>
      <AllowDiscount>1</AllowDiscount>
      <itemStatus>1</itemStatus>
      <LastUpdateDate />
      <LastUpdateTime />
    </Product>
    <Product>
      <PriceUpdateDate>2019/09/18 07:20</PriceUpdateDate>
      <ItemCode>7290112339294</ItemCode>
      <ItemType>1</ItemType>
      <ItemName>אקטיביה צ`יה ואפרסק בודד 150גר</ItemName>
      <ManufactureName>שטראוס גרופ ***בעמ</ManufactureName>
      <ManufactureCountry />
      <ManufactureItemDescription />
      <UnitQty>י"ח</UnitQty>
      <Quantity>150</Quantity>
      <UnitMeasure>ל  גרם</UnitMeasure>
      <BisWeighted>0</BisWeighted>
      <QtyInPackage>1</QtyInPackage>
      <ItemPrice>5</ItemPrice>
      <UnitOfMeasurePrice>3.33</UnitOfMeasurePrice>
      <AllowDiscount>0</AllowDiscount>
      <itemStatus>1</itemStatus>
      <LastUpdateDate />
      <LastUpdateTime />
    </Product>
    <Product>
      <PriceUpdateDate>2019/11/10 08:29</PriceUpdateDate>
      <ItemCode>7290112339362</ItemCode>
      <ItemType>1</ItemType>
      <ItemName>דנונה לייט אנד פריי טעם קפוצ`ינו 150גר.</ItemName>
      <ManufactureName>שטראוס גרופ ***בעמ</ManufactureName>
      <ManufactureCountry />
      <ManufactureItemDescription />
      <UnitQty>י"ח</UnitQty>
      <Quantity>150</Quantity>
      <UnitMeasure>ל  מ"ל</UnitMeasure>
      <BisWeighted>0</BisWeighted>
      <QtyInPackage>1</QtyInPackage>
      <ItemPrice>4.50</ItemPrice>
      <UnitOfMeasurePrice>3</UnitOfMeasurePrice>
      <AllowDiscount>0</AllowDiscount>
      <itemStatus>1</itemStatus>
      <LastUpdateDate />
      <LastUpdateTime />
    </Product>
    <Product>
      <PriceUpdateDate>2019/02/17 18:12</PriceUpdateDate>
      <ItemCode>7290112339867</ItemCode>
      <ItemType>1</ItemType>
      <ItemName>גמדים סקוויז  תות בודד 100ג</ItemName>
      <ManufactureName>שטראוס גרופ ***בעמ</ManufactureName>
      <ManufactureCountry />
      <ManufactureItemDescription />
      <UnitQty>י"ח</UnitQty>
      <Quantity>100</Quantity>
      <UnitMeasure>ל  גרם</UnitMeasure>
      <BisWeighted>0</BisWeighted>
      <QtyInPackage>1</QtyInPackage>
      <ItemPrice>5.90</ItemPrice>
      <UnitOfMeasurePrice>5.90</UnitOfMeasurePrice>
      <AllowDiscount>1</AllowDiscount>
      <itemStatus>1</itemStatus>
      <LastUpdateDate />
      <LastUpdateTime />
    </Product>
    <Product>
      <PriceUpdateDate>2019/02/17 18:12</PriceUpdateDate>
      <ItemCode>7290112339874</ItemCode>
      <ItemType>1</ItemType>
      <ItemName>גמדים סקוויז  תות בננה  בודד 100ג</ItemName>
      <ManufactureName>שטראוס גרופ ***בעמ</ManufactureName>
      <ManufactureCountry />
      <ManufactureItemDescription />
      <UnitQty>י"ח</UnitQty>
      <Quantity>100</Quantity>
      <UnitMeasure>ל  גרם</UnitMeasure>
      <BisWeighted>0</BisWeighted>
      <QtyInPackage>1</QtyInPackage>
      <ItemPrice>5.90</ItemPrice>
      <UnitOfMeasurePrice>5.90</UnitOfMeasurePrice>
      <AllowDiscount>1</AllowDiscount>
      <itemStatus>1</itemStatus>
      <LastUpdateDate />
      <LastUpdateTime />
    </Product>
    <Product>
      <PriceUpdateDate>2019/06/19 15:37</PriceUpdateDate>
      <ItemCode>7290112340122</ItemCode>
      <ItemType>1</ItemType>
      <ItemName>פריכיות הטעימות 3דגנים 135גר</ItemName>
      <ManufactureName>שטראוס גרופ בעמ</ManufactureName>
      <ManufactureCountry />
      <ManufactureItemDescription />
      <UnitQty>י"ח</UnitQty>
      <Quantity>135</Quantity>
      <UnitMeasure>ל  גרם</UnitMeasure>
      <BisWeighted>0</BisWeighted>
      <QtyInPackage>1</QtyInPackage>
      <ItemPrice>11.90</ItemPrice>
      <UnitOfMeasurePrice>8.81</UnitOfMeasurePrice>
      <AllowDiscount>1</AllowDiscount>
      <itemStatus>1</itemStatus>
      <LastUpdateDate />
      <LastUpdateTime />
    </Product>
    <Product>
      <PriceUpdateDate>2019/07/22 10:36</PriceUpdateDate>
      <ItemCode>7290112340276</ItemCode>
      <ItemType>1</ItemType>
      <ItemName>פינוקיות קפה נמס  200גר</ItemName>
      <ManufactureName>שטראוס גרופ בעמ</ManufactureName>
      <ManufactureCountry />
      <ManufactureItemDescription />
      <UnitQty>י"ח</UnitQty>
      <Quantity>200</Quantity>
      <UnitMeasure>ל  גרם</UnitMeasure>
      <BisWeighted>0</BisWeighted>
      <QtyInPackage>1</QtyInPackage>
      <ItemPrice>10.90</ItemPrice>
      <UnitOfMeasurePrice>5.45</UnitOfMeasurePrice>
      <AllowDiscount>1</AllowDiscount>
      <itemStatus>1</itemStatus>
      <LastUpdateDate />
      <LastUpdateTime />
    </Product>
    <Product>
      <PriceUpdateDate>2019/06/19 15:37</PriceUpdateDate>
      <ItemCode>7290112340740</ItemCode>
      <ItemType>1</ItemType>
      <ItemName>עוגת טוויסט עם קרם 370גר</ItemName>
      <ManufactureName>שטראוס גרופ בעמ</ManufactureName>
      <ManufactureCountry />
      <ManufactureItemDescription />
      <UnitQty>י"ח</UnitQty>
      <Quantity>380</Quantity>
      <UnitMeasure>ל  גרם</UnitMeasure>
      <BisWeighted>0</BisWeighted>
      <QtyInPackage>1</QtyInPackage>
      <ItemPrice>16.90</ItemPrice>
      <UnitOfMeasurePrice>4.45</UnitOfMeasurePrice>
      <AllowDiscount>0</AllowDiscount>
      <itemStatus>1</itemStatus>
      <LastUpdateDate />
      <LastUpdateTime />
    </Product>
    <Product>
      <PriceUpdateDate>2019/06/18 14:08</PriceUpdateDate>
      <ItemCode>7290112341099</ItemCode>
      <ItemType>1</ItemType>
      <ItemName>באגט  קראנצ`טבעי 300 גרם.</ItemName>
      <ManufactureName>שטראוס פריטו ליי בעמ</ManufactureName>
      <ManufactureCountry />
      <ManufactureItemDescription />
      <UnitQty>י"ח</UnitQty>
      <Quantity>300</Quantity>
      <UnitMeasure>ל  גרם</UnitMeasure>
      <BisWeighted>0</BisWeighted>
      <QtyInPackage>1</QtyInPackage>
      <ItemPrice>12.90</ItemPrice>
      <UnitOfMeasurePrice>4.30</UnitOfMeasurePrice>
      <AllowDiscount>1</AllowDiscount>
      <itemStatus>1</itemStatus>
      <LastUpdateDate />
      <LastUpdateTime />
    </Product>
    <Product>
      <PriceUpdateDate>2019/08/25 07:47</PriceUpdateDate>
      <ItemCode>7290112341105</ItemCode>
      <ItemType>1</ItemType>
      <ItemName>באגט  קראנצ`בטעם שום 300ג</ItemName>
      <ManufactureName>שטראוס פריטו ליי בעמ</ManufactureName>
      <ManufactureCountry />
      <ManufactureItemDescription />
      <UnitQty>י"ח</UnitQty>
      <Quantity>300</Quantity>
      <UnitMeasure>ל  גרם</UnitMeasure>
      <BisWeighted>0</BisWeighted>
      <QtyInPackage>1</QtyInPackage>
      <ItemPrice>12.90</ItemPrice>
      <UnitOfMeasurePrice>4.30</UnitOfMeasurePrice>
      <AllowDiscount>1</AllowDiscount>
      <itemStatus>1</itemStatus>
      <LastUpdateDate />
      <LastUpdateTime />
    </Product>
    <Product>
      <PriceUpdateDate>2019/06/12 12:41</PriceUpdateDate>
      <ItemCode>7290112341112</ItemCode>
      <ItemType>1</ItemType>
      <ItemName>משקה חלב מוקה בקבוק 350 מ"ל</ItemName>
      <ManufactureName>שטראוס גרופ ***בעמ</ManufactureName>
      <ManufactureCountry />
      <ManufactureItemDescription />
      <UnitQty>י"ח</UnitQty>
      <Quantity>350</Quantity>
      <UnitMeasure>ל  מ"ל</UnitMeasure>
      <BisWeighted>0</BisWeighted>
      <QtyInPackage>1</QtyInPackage>
      <ItemPrice>6.40</ItemPrice>
      <UnitOfMeasurePrice>1.83</UnitOfMeasurePrice>
      <AllowDiscount>0</AllowDiscount>
      <itemStatus>1</itemStatus>
      <LastUpdateDate />
      <LastUpdateTime />
    </Product>
    <Product>
      <PriceUpdateDate>2019/09/26 14:07</PriceUpdateDate>
      <ItemCode>7290112341174</ItemCode>
      <ItemType>1</ItemType>
      <ItemName>מאגדת אנרג`י אגוזים טעם קרמל 144ג</ItemName>
      <ManufactureName>שטראוס גרופ בעמ</ManufactureName>
      <ManufactureCountry />
      <ManufactureItemDescription />
      <UnitQty>י"ח</UnitQty>
      <Quantity>144</Quantity>
      <UnitMeasure>ל  גרם</UnitMeasure>
      <BisWeighted>0</BisWeighted>
      <QtyInPackage>1</QtyInPackage>
      <ItemPrice>12.90</ItemPrice>
      <UnitOfMeasurePrice>8.96</UnitOfMeasurePrice>
      <AllowDiscount>0</AllowDiscount>
      <itemStatus>1</itemStatus>
      <LastUpdateDate />
      <LastUpdateTime />
    </Product>
    <Product>
      <PriceUpdateDate>2019/09/18 07:20</PriceUpdateDate>
      <ItemCode>7290112341556</ItemCode>
      <ItemType>1</ItemType>
      <ItemName>אקטיביה צ`יה ותות בודד 150גר</ItemName>
      <ManufactureName>שטראוס גרופ ***בעמ</ManufactureName>
      <ManufactureCountry />
      <ManufactureItemDescription />
      <UnitQty>י"ח</UnitQty>
      <Quantity>150</Quantity>
      <UnitMeasure>ל  גרם</UnitMeasure>
      <BisWeighted>0</BisWeighted>
      <QtyInPackage>1</QtyInPackage>
      <ItemPrice>5</ItemPrice>
      <UnitOfMeasurePrice>3.33</UnitOfMeasurePrice>
      <AllowDiscount>0</AllowDiscount>
      <itemStatus>1</itemStatus>
      <LastUpdateDate />
      <LastUpdateTime />
    </Product>
    <Product>
      <PriceUpdateDate>2019/09/26 14:07</PriceUpdateDate>
      <ItemCode>7290112341594</ItemCode>
      <ItemType>1</ItemType>
      <ItemName>ספלנדיד רובי חלק 90גר</ItemName>
      <ManufactureName>שטראוס גרופ בעמ</ManufactureName>
      <ManufactureCountry />
      <ManufactureItemDescription />
      <UnitQty>י"ח</UnitQty>
      <Quantity>110</Quantity>
      <UnitMeasure>ל  גרם</UnitMeasure>
      <BisWeighted>0</BisWeighted>
      <QtyInPackage>1</QtyInPackage>
      <ItemPrice>13.90</ItemPrice>
      <UnitOfMeasurePrice>12.64</UnitOfMeasurePrice>
      <AllowDiscount>0</AllowDiscount>
      <itemStatus>1</itemStatus>
      <LastUpdateDate />
      <LastUpdateTime />
    </Product>
    <Product>
      <PriceUpdateDate>2019/09/26 14:07</PriceUpdateDate>
      <ItemCode>7290112341617</ItemCode>
      <ItemType>1</ItemType>
      <ItemName>ספלנדיד רובי עם שברי פולי קקאו 90גר</ItemName>
      <ManufactureName>שטראוס גרופ בעמ</ManufactureName>
      <ManufactureCountry />
      <ManufactureItemDescription />
      <UnitQty>י"ח</UnitQty>
      <Quantity>110</Quantity>
      <UnitMeasure>ל  גרם</UnitMeasure>
      <BisWeighted>0</BisWeighted>
      <QtyInPackage>1</QtyInPackage>
      <ItemPrice>13.90</ItemPrice>
      <UnitOfMeasurePrice>12.64</UnitOfMeasurePrice>
      <AllowDiscount>0</AllowDiscount>
      <itemStatus>1</itemStatus>
      <LastUpdateDate />
      <LastUpdateTime />
    </Product>
    <Product>
      <PriceUpdateDate>2019/08/25 07:43</PriceUpdateDate>
      <ItemCode>7290112341624</ItemCode>
      <ItemType>1</ItemType>
      <ItemName>ספלנדיד שוקולד חלב מדגסקר 32%</ItemName>
      <ManufactureName>שטראוס גרופ בעמ</ManufactureName>
      <ManufactureCountry />
      <ManufactureItemDescription />
      <UnitQty>י"ח</UnitQty>
      <Quantity>105</Quantity>
      <UnitMeasure>ל  גרם</UnitMeasure>
      <BisWeighted>0</BisWeighted>
      <QtyInPackage>1</QtyInPackage>
      <ItemPrice>11.90</ItemPrice>
      <UnitOfMeasurePrice>11.33</UnitOfMeasurePrice>
      <AllowDiscount>0</AllowDiscount>
      <itemStatus>1</itemStatus>
      <LastUpdateDate />
      <LastUpdateTime />
    </Product>
    <Product>
      <PriceUpdateDate>2019/08/25 07:43</PriceUpdateDate>
      <ItemCode>7290112341631</ItemCode>
      <ItemType>1</ItemType>
      <ItemName>ספלנדיד שוקולד מריר פרו 64%</ItemName>
      <ManufactureName>שטראוס גרופ בעמ</ManufactureName>
      <ManufactureCountry />
      <ManufactureItemDescription />
      <UnitQty>י"ח</UnitQty>
      <Quantity>105</Quantity>
      <UnitMeasure>ל  גרם</UnitMeasure>
      <BisWeighted>0</BisWeighted>
      <QtyInPackage>1</QtyInPackage>
      <ItemPrice>11.90</ItemPrice>
      <UnitOfMeasurePrice>11.33</UnitOfMeasurePrice>
      <AllowDiscount>0</AllowDiscount>
      <itemStatus>1</itemStatus>
      <LastUpdateDate />
      <LastUpdateTime />
    </Product>
    <Product>
      <PriceUpdateDate>2019/08/25 07:43</PriceUpdateDate>
      <ItemCode>7290112341648</ItemCode>
      <ItemType>1</ItemType>
      <ItemName>ספלנדיד שוקולד מריר אוגנדה 80%</ItemName>
      <ManufactureName>שטראוס גרופ בעמ</ManufactureName>
      <ManufactureCountry />
      <ManufactureItemDescription />
      <UnitQty>י"ח</UnitQty>
      <Quantity>105</Quantity>
      <UnitMeasure>ל  גרם</UnitMeasure>
      <BisWeighted>0</BisWeighted>
      <QtyInPackage>1</QtyInPackage>
      <ItemPrice>11.90</ItemPrice>
      <UnitOfMeasurePrice>11.33</UnitOfMeasurePrice>
      <AllowDiscount>0</AllowDiscount>
      <itemStatus>1</itemStatus>
      <LastUpdateDate />
      <LastUpdateTime />
    </Product>
    <Product>
      <PriceUpdateDate>2019/09/18 07:20</PriceUpdateDate>
      <ItemCode>7290112341679</ItemCode>
      <ItemType>1</ItemType>
      <ItemName>אקטיביה 200גר  3%.</ItemName>
      <ManufactureName>שטראוס גרופ ***בעמ</ManufactureName>
      <ManufactureCountry />
      <ManufactureItemDescription />
      <UnitQty>י"ח</UnitQty>
      <Quantity>200</Quantity>
      <UnitMeasure>ל  גרם</UnitMeasure>
      <BisWeighted>0</BisWeighted>
      <QtyInPackage>1</QtyInPackage>
      <ItemPrice>3.80</ItemPrice>
      <UnitOfMeasurePrice>1.90</UnitOfMeasurePrice>
      <AllowDiscount>0</AllowDiscount>
      <itemStatus>1</itemStatus>
      <LastUpdateDate />
      <LastUpdateTime />
    </Product>
    <Product>
      <PriceUpdateDate>2019/09/18 07:20</PriceUpdateDate>
      <ItemCode>7290112341686</ItemCode>
      <ItemType>1</ItemType>
      <ItemName>מארז אקטיביה שמינייה 3% 150גר</ItemName>
      <ManufactureName>שטראוס גרופ ***בעמ</ManufactureName>
      <ManufactureCountry />
      <ManufactureItemDescription />
      <UnitQty>י"ח</UnitQty>
      <Quantity>1.20</Quantity>
      <UnitMeasure>ליטר</UnitMeasure>
      <BisWeighted>0</BisWeighted>
      <QtyInPackage>1</QtyInPackage>
      <ItemPrice>20.90</ItemPrice>
      <UnitOfMeasurePrice>17.42</UnitOfMeasurePrice>
      <AllowDiscount>1</AllowDiscount>
      <itemStatus>1</itemStatus>
      <LastUpdateDate />
      <LastUpdateTime />
    </Product>
    <Product>
      <PriceUpdateDate>2019/11/21 09:48</PriceUpdateDate>
      <ItemCode>7290112341921</ItemCode>
      <ItemType>1</ItemType>
      <ItemName>מסטיק קוביות טעם קולה 58גר</ItemName>
      <ManufactureName>שטראוס גרופ בעמ</ManufactureName>
      <ManufactureCountry />
      <ManufactureItemDescription />
      <UnitQty>י"ח</UnitQty>
      <Quantity>58</Quantity>
      <UnitMeasure>ל  גרם</UnitMeasure>
      <BisWeighted>0</BisWeighted>
      <QtyInPackage>1</QtyInPackage>
      <ItemPrice>9.80</ItemPrice>
      <UnitOfMeasurePrice>16.90</UnitOfMeasurePrice>
      <AllowDiscount>1</AllowDiscount>
      <itemStatus>1</itemStatus>
      <LastUpdateDate />
      <LastUpdateTime />
    </Product>
    <Product>
      <PriceUpdateDate>2019/09/26 14:59</PriceUpdateDate>
      <ItemCode>7290112342270</ItemCode>
      <ItemType>1</ItemType>
      <ItemName>קפה אינטנס 10% פלטינווס 125גר</ItemName>
      <ManufactureName>שטראוס גרופ בעמ</ManufactureName>
      <ManufactureCountry />
      <ManufactureItemDescription />
      <UnitQty>י"ח</UnitQty>
      <Quantity>125</Quantity>
      <UnitMeasure>ל  גרם</UnitMeasure>
      <BisWeighted>0</BisWeighted>
      <QtyInPackage>1</QtyInPackage>
      <ItemPrice>21.90</ItemPrice>
      <UnitOfMeasurePrice>17.52</UnitOfMeasurePrice>
      <AllowDiscount>0</AllowDiscount>
      <itemStatus>1</itemStatus>
      <LastUpdateDate />
      <LastUpdateTime />
    </Product>
    <Product>
      <PriceUpdateDate>2019/12/22 07:15</PriceUpdateDate>
      <ItemCode>7290112342379</ItemCode>
      <ItemType>1</ItemType>
      <ItemName>מסטיק מאסט מון מנטה עדינה 60ג.</ItemName>
      <ManufactureName>שטראוס גרופ בעמ</ManufactureName>
      <ManufactureCountry />
      <ManufactureItemDescription />
      <UnitQty>י"ח</UnitQty>
      <Quantity>60</Quantity>
      <UnitMeasure>ל  גרם</UnitMeasure>
      <BisWeighted>0</BisWeighted>
      <QtyInPackage>1</QtyInPackage>
      <ItemPrice>9.80</ItemPrice>
      <UnitOfMeasurePrice>16.33</UnitOfMeasurePrice>
      <AllowDiscount>1</AllowDiscount>
      <itemStatus>1</itemStatus>
      <LastUpdateDate />
      <LastUpdateTime />
    </Product>
    <Product>
      <PriceUpdateDate>2019/12/22 07:15</PriceUpdateDate>
      <ItemCode>7290112342386</ItemCode>
      <ItemType>1</ItemType>
      <ItemName>מסטיק מאסט מון מנטה מתוקה  60ג.</ItemName>
      <ManufactureName>שטראוס גרופ בעמ</ManufactureName>
      <ManufactureCountry />
      <ManufactureItemDescription />
      <UnitQty>י"ח</UnitQty>
      <Quantity>60</Quantity>
      <UnitMeasure>ל  גרם</UnitMeasure>
      <BisWeighted>0</BisWeighted>
      <QtyInPackage>1</QtyInPackage>
      <ItemPrice>9.80</ItemPrice>
      <UnitOfMeasurePrice>16.33</UnitOfMeasurePrice>
      <AllowDiscount>1</AllowDiscount>
      <itemStatus>1</itemStatus>
      <LastUpdateDate />
      <LastUpdateTime />
    </Product>
    <Product>
      <PriceUpdateDate>2019/12/22 07:15</PriceUpdateDate>
      <ItemCode>7290112342393</ItemCode>
      <ItemType>1</ItemType>
      <ItemName>מסטיק מאסט מון תפוח 60ג.</ItemName>
      <ManufactureName>שטראוס גרופ בעמ</ManufactureName>
      <ManufactureCountry />
      <ManufactureItemDescription />
      <UnitQty>י"ח</UnitQty>
      <Quantity>60</Quantity>
      <UnitMeasure>ל  גרם</UnitMeasure>
      <BisWeighted>0</BisWeighted>
      <QtyInPackage>1</QtyInPackage>
      <ItemPrice>9.80</ItemPrice>
      <UnitOfMeasurePrice>16.33</UnitOfMeasurePrice>
      <AllowDiscount>1</AllowDiscount>
      <itemStatus>1</itemStatus>
      <LastUpdateDate />
      <LastUpdateTime />
    </Product>
    <Product>
      <PriceUpdateDate>2019/09/18 07:20</PriceUpdateDate>
      <ItemCode>7290112342621</ItemCode>
      <ItemType>1</ItemType>
      <ItemName>משקה שוקו 350 מ"ל</ItemName>
      <ManufactureName>שטראוס גרופ ***בעמ</ManufactureName>
      <ManufactureCountry />
      <ManufactureItemDescription />
      <UnitQty>י"ח</UnitQty>
      <Quantity>350</Quantity>
      <UnitMeasure>ל  מ"ל</UnitMeasure>
      <BisWeighted>0</BisWeighted>
      <QtyInPackage>1</QtyInPackage>
      <ItemPrice>6.40</ItemPrice>
      <UnitOfMeasurePrice>1.83</UnitOfMeasurePrice>
      <AllowDiscount>0</AllowDiscount>
      <itemStatus>1</itemStatus>
      <LastUpdateDate />
      <LastUpdateTime />
    </Product>
    <Product>
      <PriceUpdateDate>2019/12/19 15:51</PriceUpdateDate>
      <ItemCode>7290112343260</ItemCode>
      <ItemType>1</ItemType>
      <ItemName>רוטב שמנת קלאסי  9%</ItemName>
      <ManufactureName>שטראוס גרופ ***בעמ</ManufactureName>
      <ManufactureCountry />
      <ManufactureItemDescription />
      <UnitQty>י"ח</UnitQty>
      <Quantity>260</Quantity>
      <UnitMeasure>ל  גרם</UnitMeasure>
      <BisWeighted>0</BisWeighted>
      <QtyInPackage>1</QtyInPackage>
      <ItemPrice>10.90</ItemPrice>
      <UnitOfMeasurePrice>4.19</UnitOfMeasurePrice>
      <AllowDiscount>0</AllowDiscount>
      <itemStatus>1</itemStatus>
      <LastUpdateDate />
      <LastUpdateTime />
    </Product>
    <Product>
      <PriceUpdateDate>2019/12/22 07:15</PriceUpdateDate>
      <ItemCode>7290112343307</ItemCode>
      <ItemType>1</ItemType>
      <ItemName>מיני עוגת שוקולד עשירה 240גר</ItemName>
      <ManufactureName>שטראוס גרופ בעמ</ManufactureName>
      <ManufactureCountry />
      <ManufactureItemDescription />
      <UnitQty>י"ח</UnitQty>
      <Quantity>240</Quantity>
      <UnitMeasure>ל  גרם</UnitMeasure>
      <BisWeighted>0</BisWeighted>
      <QtyInPackage>1</QtyInPackage>
      <ItemPrice>16.90</ItemPrice>
      <UnitOfMeasurePrice>7.04</UnitOfMeasurePrice>
      <AllowDiscount>0</AllowDiscount>
      <itemStatus>1</itemStatus>
      <LastUpdateDate />
      <LastUpdateTime />
    </Product>
    <Product>
      <PriceUpdateDate>2019/12/19 12:59</PriceUpdateDate>
      <ItemCode>7290112343420</ItemCode>
      <ItemType>1</ItemType>
      <ItemName>יטבתה פרו ארוחת בוקר  350מ"ל</ItemName>
      <ManufactureName>שטראוס גרופ ***בעמ</ManufactureName>
      <ManufactureCountry />
      <ManufactureItemDescription />
      <UnitQty>י"ח</UnitQty>
      <Quantity>350</Quantity>
      <UnitMeasure>ל  מ"ל</UnitMeasure>
      <BisWeighted>0</BisWeighted>
      <QtyInPackage>1</QtyInPackage>
      <ItemPrice>7.50</ItemPrice>
      <UnitOfMeasurePrice>2.14</UnitOfMeasurePrice>
      <AllowDiscount>0</AllowDiscount>
      <itemStatus>1</itemStatus>
      <LastUpdateDate />
      <LastUpdateTime />
    </Product>
    <Product>
      <PriceUpdateDate>2019/09/18 07:20</PriceUpdateDate>
      <ItemCode>7290112344564</ItemCode>
      <ItemType>1</ItemType>
      <ItemName>רביולי גבינה שטראוס</ItemName>
      <ManufactureName>שטראוס גרופ ***בעמ</ManufactureName>
      <ManufactureCountry />
      <ManufactureItemDescription />
      <UnitQty>י"ח</UnitQty>
      <Quantity>400</Quantity>
      <UnitMeasure>ל  גרם</UnitMeasure>
      <BisWeighted>0</BisWeighted>
      <QtyInPackage>1</QtyInPackage>
      <ItemPrice>19.90</ItemPrice>
      <UnitOfMeasurePrice>4.98</UnitOfMeasurePrice>
      <AllowDiscount>1</AllowDiscount>
      <itemStatus>1</itemStatus>
      <LastUpdateDate />
      <LastUpdateTime />
    </Product>
    <Product>
      <PriceUpdateDate>2020/02/19 02:05</PriceUpdateDate>
      <ItemCode>7290112344724</ItemCode>
      <ItemType>1</ItemType>
      <ItemName>מילקי טעם שוקולד בלונדי 133גר</ItemName>
      <ManufactureName>שטראוס גרופ ***בעמ</ManufactureName>
      <ManufactureCountry />
      <ManufactureItemDescription />
      <UnitQty>י"ח</UnitQty>
      <Quantity>133</Quantity>
      <UnitMeasure>ל  גרם</UnitMeasure>
      <BisWeighted>0</BisWeighted>
      <QtyInPackage>1</QtyInPackage>
      <ItemPrice>3.80</ItemPrice>
      <UnitOfMeasurePrice>2.86</UnitOfMeasurePrice>
      <AllowDiscount>0</AllowDiscount>
      <itemStatus>1</itemStatus>
      <LastUpdateDate />
      <LastUpdateTime />
    </Product>
    <Product>
      <PriceUpdateDate>2019/11/10 08:29</PriceUpdateDate>
      <ItemCode>7290112344991</ItemCode>
      <ItemType>1</ItemType>
      <ItemName>דנונה לייט אנד פריי טעם תות 150גר.</ItemName>
      <ManufactureName>שטראוס גרופ ***בעמ</ManufactureName>
      <ManufactureCountry />
      <ManufactureItemDescription />
      <UnitQty>י"ח</UnitQty>
      <Quantity>150</Quantity>
      <UnitMeasure>ל  מ"ל</UnitMeasure>
      <BisWeighted>0</BisWeighted>
      <QtyInPackage>1</QtyInPackage>
      <ItemPrice>4.50</ItemPrice>
      <UnitOfMeasurePrice>3</UnitOfMeasurePrice>
      <AllowDiscount>0</AllowDiscount>
      <itemStatus>1</itemStatus>
      <LastUpdateDate />
      <LastUpdateTime />
    </Product>
    <Product>
      <PriceUpdateDate>2019/08/25 07:40</PriceUpdateDate>
      <ItemCode>7290112345264</ItemCode>
      <ItemType>1</ItemType>
      <ItemName>מעדן חלב עם שוקולד מועשר בחלבון 130גר</ItemName>
      <ManufactureName>שטראוס גרופ ***בעמ</ManufactureName>
      <ManufactureCountry />
      <ManufactureItemDescription />
      <UnitQty>י"ח</UnitQty>
      <Quantity>130</Quantity>
      <UnitMeasure>ל  גרם</UnitMeasure>
      <BisWeighted>0</BisWeighted>
      <QtyInPackage>1</QtyInPackage>
      <ItemPrice>5</ItemPrice>
      <UnitOfMeasurePrice>3.85</UnitOfMeasurePrice>
      <AllowDiscount>0</AllowDiscount>
      <itemStatus>1</itemStatus>
      <LastUpdateDate />
      <LastUpdateTime />
    </Product>
    <Product>
      <PriceUpdateDate>2019/09/26 14:59</PriceUpdateDate>
      <ItemCode>7290112345332</ItemCode>
      <ItemType>1</ItemType>
      <ItemName>עוגת שמרים קראנץ פסק זמן</ItemName>
      <ManufactureName>שטראוס גרופ בעמ</ManufactureName>
      <ManufactureCountry />
      <ManufactureItemDescription />
      <UnitQty>י"ח</UnitQty>
      <Quantity>380</Quantity>
      <UnitMeasure>ל  גרם</UnitMeasure>
      <BisWeighted>0</BisWeighted>
      <QtyInPackage>1</QtyInPackage>
      <ItemPrice>16.90</ItemPrice>
      <UnitOfMeasurePrice>4.45</UnitOfMeasurePrice>
      <AllowDiscount>0</AllowDiscount>
      <itemStatus>1</itemStatus>
      <LastUpdateDate />
      <LastUpdateTime />
    </Product>
    <Product>
      <PriceUpdateDate>2020/01/14 11:24</PriceUpdateDate>
      <ItemCode>7290112346360</ItemCode>
      <ItemType>1</ItemType>
      <ItemName>בפלות אחד אחד בציפוי שוקולד חלב 180גר</ItemName>
      <ManufactureName>שטראוס גרופ בעמ</ManufactureName>
      <ManufactureCountry />
      <ManufactureItemDescription />
      <UnitQty>י"ח</UnitQty>
      <Quantity>180</Quantity>
      <UnitMeasure>ל  גרם</UnitMeasure>
      <BisWeighted>0</BisWeighted>
      <QtyInPackage>1</QtyInPackage>
      <ItemPrice>12.90</ItemPrice>
      <UnitOfMeasurePrice>7.17</UnitOfMeasurePrice>
      <AllowDiscount>0</AllowDiscount>
      <itemStatus>1</itemStatus>
      <LastUpdateDate />
      <LastUpdateTime />
    </Product>
    <Product>
      <PriceUpdateDate>2019/12/22 07:15</PriceUpdateDate>
      <ItemCode>7290112346537</ItemCode>
      <ItemType>1</ItemType>
      <ItemName>פינוקיות טעם טורטית  200גר</ItemName>
      <ManufactureName>שטראוס גרופ בעמ</ManufactureName>
      <ManufactureCountry />
      <ManufactureItemDescription />
      <UnitQty>י"ח</UnitQty>
      <Quantity>200</Quantity>
      <UnitMeasure>ל  גרם</UnitMeasure>
      <BisWeighted>0</BisWeighted>
      <QtyInPackage>1</QtyInPackage>
      <ItemPrice>10.90</ItemPrice>
      <UnitOfMeasurePrice>5.45</UnitOfMeasurePrice>
      <AllowDiscount>1</AllowDiscount>
      <itemStatus>1</itemStatus>
      <LastUpdateDate />
      <LastUpdateTime />
    </Product>
    <Product>
      <PriceUpdateDate>2019/11/10 08:29</PriceUpdateDate>
      <ItemCode>7290112346575</ItemCode>
      <ItemType>1</ItemType>
      <ItemName>אקטיביה עם שכבת תות בודד 150גר.</ItemName>
      <ManufactureName>שטראוס גרופ ***בעמ</ManufactureName>
      <ManufactureCountry />
      <ManufactureItemDescription />
      <UnitQty>י"ח</UnitQty>
      <Quantity>150</Quantity>
      <UnitMeasure>ל  גרם</UnitMeasure>
      <BisWeighted>0</BisWeighted>
      <QtyInPackage>1</QtyInPackage>
      <ItemPrice>5</ItemPrice>
      <UnitOfMeasurePrice>3.33</UnitOfMeasurePrice>
      <AllowDiscount>0</AllowDiscount>
      <itemStatus>1</itemStatus>
      <LastUpdateDate />
      <LastUpdateTime />
    </Product>
    <Product>
      <PriceUpdateDate>2019/11/10 08:29</PriceUpdateDate>
      <ItemCode>7290112346582</ItemCode>
      <ItemType>1</ItemType>
      <ItemName>אקטיביה עם שכבת אפרסק בודד 150גר.</ItemName>
      <ManufactureName>שטראוס גרופ ***בעמ</ManufactureName>
      <ManufactureCountry />
      <ManufactureItemDescription />
      <UnitQty>י"ח</UnitQty>
      <Quantity>150</Quantity>
      <UnitMeasure>ל  גרם</UnitMeasure>
      <BisWeighted>0</BisWeighted>
      <QtyInPackage>1</QtyInPackage>
      <ItemPrice>5</ItemPrice>
      <UnitOfMeasurePrice>3.33</UnitOfMeasurePrice>
      <AllowDiscount>0</AllowDiscount>
      <itemStatus>1</itemStatus>
      <LastUpdateDate />
      <LastUpdateTime />
    </Product>
    <Product>
      <PriceUpdateDate>2019/12/19 12:59</PriceUpdateDate>
      <ItemCode>7290112346612</ItemCode>
      <ItemType>1</ItemType>
      <ItemName>דנונה בר עם תוספת שוקולד צבעוני173ג</ItemName>
      <ManufactureName>שטראוס גרופ ***בעמ</ManufactureName>
      <ManufactureCountry />
      <ManufactureItemDescription />
      <UnitQty>י"ח</UnitQty>
      <Quantity>173</Quantity>
      <UnitMeasure>ל  מ"ל</UnitMeasure>
      <BisWeighted>0</BisWeighted>
      <QtyInPackage>1</QtyInPackage>
      <ItemPrice>4.60</ItemPrice>
      <UnitOfMeasurePrice>2.66</UnitOfMeasurePrice>
      <AllowDiscount>0</AllowDiscount>
      <itemStatus>1</itemStatus>
      <LastUpdateDate />
      <LastUpdateTime />
    </Product>
    <Product>
      <PriceUpdateDate>2020/01/14 09:11</PriceUpdateDate>
      <ItemCode>7290112346643</ItemCode>
      <ItemType>1</ItemType>
      <ItemName>דנונה יווני עם שכבת תות 130גר.</ItemName>
      <ManufactureName>שטראוס גרופ ***בעמ</ManufactureName>
      <ManufactureCountry />
      <ManufactureItemDescription />
      <UnitQty>י"ח</UnitQty>
      <Quantity>130</Quantity>
      <UnitMeasure>ל  גרם</UnitMeasure>
      <BisWeighted>0</BisWeighted>
      <QtyInPackage>1</QtyInPackage>
      <ItemPrice>3.50</ItemPrice>
      <UnitOfMeasurePrice>2.69</UnitOfMeasurePrice>
      <AllowDiscount>0</AllowDiscount>
      <itemStatus>1</itemStatus>
      <LastUpdateDate />
      <LastUpdateTime />
    </Product>
    <Product>
      <PriceUpdateDate>2020/02/13 09:06</PriceUpdateDate>
      <ItemCode>7290112346681</ItemCode>
      <ItemType>1</ItemType>
      <ItemName>משקה בוקר לשתיה פירות יער 267מ"ל</ItemName>
      <ManufactureName>שטראוס גרופ ***בעמ</ManufactureName>
      <ManufactureCountry />
      <ManufactureItemDescription />
      <UnitQty>י"ח</UnitQty>
      <Quantity>267</Quantity>
      <UnitMeasure>ל  גרם</UnitMeasure>
      <BisWeighted>0</BisWeighted>
      <QtyInPackage>1</QtyInPackage>
      <ItemPrice>4.80</ItemPrice>
      <UnitOfMeasurePrice>1.80</UnitOfMeasurePrice>
      <AllowDiscount>0</AllowDiscount>
      <itemStatus>1</itemStatus>
      <LastUpdateDate />
      <LastUpdateTime />
    </Product>
    <Product>
      <PriceUpdateDate>2020/02/13 09:06</PriceUpdateDate>
      <ItemCode>7290112346698</ItemCode>
      <ItemType>1</ItemType>
      <ItemName>משקה בוקר לשתיה מנגו ואפרסק 267מ"ל</ItemName>
      <ManufactureName>שטראוס גרופ ***בעמ</ManufactureName>
      <ManufactureCountry />
      <ManufactureItemDescription />
      <UnitQty>י"ח</UnitQty>
      <Quantity>267</Quantity>
      <UnitMeasure>ל  גרם</UnitMeasure>
      <BisWeighted>0</BisWeighted>
      <QtyInPackage>1</QtyInPackage>
      <ItemPrice>4.80</ItemPrice>
      <UnitOfMeasurePrice>1.80</UnitOfMeasurePrice>
      <AllowDiscount>0</AllowDiscount>
      <itemStatus>1</itemStatus>
      <LastUpdateDate />
      <LastUpdateTime />
    </Product>
    <Product>
      <PriceUpdateDate>2020/01/14 09:11</PriceUpdateDate>
      <ItemCode>7290112346735</ItemCode>
      <ItemType>1</ItemType>
      <ItemName>דנונה יווני עם שכבת מנגו ואפרסק 130גר</ItemName>
      <ManufactureName>שטראוס גרופ ***בעמ</ManufactureName>
      <ManufactureCountry />
      <ManufactureItemDescription />
      <UnitQty>י"ח</UnitQty>
      <Quantity>130</Quantity>
      <UnitMeasure>ל  גרם</UnitMeasure>
      <BisWeighted>0</BisWeighted>
      <QtyInPackage>1</QtyInPackage>
      <ItemPrice>3.50</ItemPrice>
      <UnitOfMeasurePrice>2.69</UnitOfMeasurePrice>
      <AllowDiscount>0</AllowDiscount>
      <itemStatus>1</itemStatus>
      <LastUpdateDate />
      <LastUpdateTime />
    </Product>
    <Product>
      <PriceUpdateDate>2020/02/13 09:06</PriceUpdateDate>
      <ItemCode>7290112346742</ItemCode>
      <ItemType>1</ItemType>
      <ItemName>דנונה לייט אנד פריי טעם קוקוס 150גר.</ItemName>
      <ManufactureName>שטראוס גרופ ***בעמ</ManufactureName>
      <ManufactureCountry />
      <ManufactureItemDescription />
      <UnitQty>י"ח</UnitQty>
      <Quantity>150</Quantity>
      <UnitMeasure>ל  מ"ל</UnitMeasure>
      <BisWeighted>0</BisWeighted>
      <QtyInPackage>1</QtyInPackage>
      <ItemPrice>4.50</ItemPrice>
      <UnitOfMeasurePrice>3</UnitOfMeasurePrice>
      <AllowDiscount>0</AllowDiscount>
      <itemStatus>1</itemStatus>
      <LastUpdateDate />
      <LastUpdateTime />
    </Product>
    <Product>
      <PriceUpdateDate>2020/01/14 09:11</PriceUpdateDate>
      <ItemCode>7290112346865</ItemCode>
      <ItemType>1</ItemType>
      <ItemName>דנונה פרו 2015גר  עם פירות יער 205גר.</ItemName>
      <ManufactureName>שטראוס גרופ ***בעמ</ManufactureName>
      <ManufactureCountry />
      <ManufactureItemDescription />
      <UnitQty>י"ח</UnitQty>
      <Quantity>205</Quantity>
      <UnitMeasure>ל  מ"ל</UnitMeasure>
      <BisWeighted>0</BisWeighted>
      <QtyInPackage>1</QtyInPackage>
      <ItemPrice>5.90</ItemPrice>
      <UnitOfMeasurePrice>2.88</UnitOfMeasurePrice>
      <AllowDiscount>0</AllowDiscount>
      <itemStatus>1</itemStatus>
      <LastUpdateDate />
      <LastUpdateTime />
    </Product>
    <Product>
      <PriceUpdateDate>2020/02/13 09:06</PriceUpdateDate>
      <ItemCode>7290112346872</ItemCode>
      <ItemType>1</ItemType>
      <ItemName>דנונה פרו קוקוס  3%  150גר</ItemName>
      <ManufactureName>שטראוס גרופ ***בעמ</ManufactureName>
      <ManufactureCountry />
      <ManufactureItemDescription />
      <UnitQty>י"ח</UnitQty>
      <Quantity>150</Quantity>
      <UnitMeasure>ל  מ"ל</UnitMeasure>
      <BisWeighted>0</BisWeighted>
      <QtyInPackage>1</QtyInPackage>
      <ItemPrice>4.60</ItemPrice>
      <UnitOfMeasurePrice>3.07</UnitOfMeasurePrice>
      <AllowDiscount>0</AllowDiscount>
      <itemStatus>1</itemStatus>
      <LastUpdateDate />
      <LastUpdateTime />
    </Product>
    <Product>
      <PriceUpdateDate>2020/01/14 09:11</PriceUpdateDate>
      <ItemCode>7290112346889</ItemCode>
      <ItemType>1</ItemType>
      <ItemName>דנונה פרו 15גר עם אפרסק.</ItemName>
      <ManufactureName>שטראוס גרופ ***בעמ</ManufactureName>
      <ManufactureCountry />
      <ManufactureItemDescription />
      <UnitQty>י"ח</UnitQty>
      <Quantity>20</Quantity>
      <UnitMeasure>ל  מ"ל</UnitMeasure>
      <BisWeighted>0</BisWeighted>
      <QtyInPackage>1</QtyInPackage>
      <ItemPrice>5.90</ItemPrice>
      <UnitOfMeasurePrice>29.50</UnitOfMeasurePrice>
      <AllowDiscount>0</AllowDiscount>
      <itemStatus>1</itemStatus>
      <LastUpdateDate />
      <LastUpdateTime />
    </Product>
    <Product>
      <PriceUpdateDate>2019/12/19 12:59</PriceUpdateDate>
      <ItemCode>7290112347008</ItemCode>
      <ItemType>1</ItemType>
      <ItemName>גמדים סקוויז תות בננה  בודד 100ג</ItemName>
      <ManufactureName>שטראוס גרופ ***בעמ</ManufactureName>
      <ManufactureCountry />
      <ManufactureItemDescription />
      <UnitQty>י"ח</UnitQty>
      <Quantity>100</Quantity>
      <UnitMeasure>ל  גרם</UnitMeasure>
      <BisWeighted>0</BisWeighted>
      <QtyInPackage>1</QtyInPackage>
      <ItemPrice>5.90</ItemPrice>
      <UnitOfMeasurePrice>5.90</UnitOfMeasurePrice>
      <AllowDiscount>1</AllowDiscount>
      <itemStatus>1</itemStatus>
      <LastUpdateDate />
      <LastUpdateTime />
    </Product>
    <Product>
      <PriceUpdateDate>2019/12/19 12:59</PriceUpdateDate>
      <ItemCode>7290112347442</ItemCode>
      <ItemType>1</ItemType>
      <ItemName>מעדן ONLY אפרסק  125ג</ItemName>
      <ManufactureName>שטראוס גרופ ***בעמ</ManufactureName>
      <ManufactureCountry />
      <ManufactureItemDescription />
      <UnitQty>י"ח</UnitQty>
      <Quantity>125</Quantity>
      <UnitMeasure>ל  גרם</UnitMeasure>
      <BisWeighted>0</BisWeighted>
      <QtyInPackage>1</QtyInPackage>
      <ItemPrice>4.90</ItemPrice>
      <UnitOfMeasurePrice>3.92</UnitOfMeasurePrice>
      <AllowDiscount>0</AllowDiscount>
      <itemStatus>1</itemStatus>
      <LastUpdateDate />
      <LastUpdateTime />
    </Product>
    <Product>
      <PriceUpdateDate>2019/11/10 08:29</PriceUpdateDate>
      <ItemCode>7290112347473</ItemCode>
      <ItemType>1</ItemType>
      <ItemName>דנונה שמינייה דיאט פריי תות ואפרסק 1.2.</ItemName>
      <ManufactureName>שטראוס גרופ ***בעמ</ManufactureName>
      <ManufactureCountry />
      <ManufactureItemDescription />
      <UnitQty>י"ח</UnitQty>
      <Quantity>1.20</Quantity>
      <UnitMeasure>ליטר</UnitMeasure>
      <BisWeighted>0</BisWeighted>
      <QtyInPackage>1</QtyInPackage>
      <ItemPrice>27</ItemPrice>
      <UnitOfMeasurePrice>22.50</UnitOfMeasurePrice>
      <AllowDiscount>0</AllowDiscount>
      <itemStatus>1</itemStatus>
      <LastUpdateDate />
      <LastUpdateTime />
    </Product>
    <Product>
      <PriceUpdateDate>2019/12/19 12:59</PriceUpdateDate>
      <ItemCode>7290112348159</ItemCode>
      <ItemType>1</ItemType>
      <ItemName>מילקי קראנץ 1/4 CAKE ג</ItemName>
      <ManufactureName>שטראוס גרופ ***בעמ</ManufactureName>
      <ManufactureCountry />
      <ManufactureItemDescription />
      <UnitQty>י"ח</UnitQty>
      <Quantity>136</Quantity>
      <UnitMeasure>ל  גרם</UnitMeasure>
      <BisWeighted>0</BisWeighted>
      <QtyInPackage>1</QtyInPackage>
      <ItemPrice>13.90</ItemPrice>
      <UnitOfMeasurePrice>10.22</UnitOfMeasurePrice>
      <AllowDiscount>0</AllowDiscount>
      <itemStatus>1</itemStatus>
      <LastUpdateDate />
      <LastUpdateTime />
    </Product>
    <Product>
      <PriceUpdateDate>2020/01/14 11:24</PriceUpdateDate>
      <ItemCode>7290112348548</ItemCode>
      <ItemType>1</ItemType>
      <ItemName>שוקולד לבן רבנות 100ג</ItemName>
      <ManufactureName>שטראוס גרופ בעמ</ManufactureName>
      <ManufactureCountry />
      <ManufactureItemDescription />
      <UnitQty>י"ח</UnitQty>
      <Quantity>100</Quantity>
      <UnitMeasure>ל  גרם</UnitMeasure>
      <BisWeighted>0</BisWeighted>
      <QtyInPackage>1</QtyInPackage>
      <ItemPrice>5.90</ItemPrice>
      <UnitOfMeasurePrice>5.90</UnitOfMeasurePrice>
      <AllowDiscount>1</AllowDiscount>
      <itemStatus>1</itemStatus>
      <LastUpdateDate />
      <LastUpdateTime />
    </Product>
    <Product>
      <PriceUpdateDate>2020/02/25 09:15</PriceUpdateDate>
      <ItemCode>7290112348951</ItemCode>
      <ItemType>1</ItemType>
      <ItemName>פריכיות הטעימות פוטטוס 110גר דקות</ItemName>
      <ManufactureName>שטראוס גרופ בעמ</ManufactureName>
      <ManufactureCountry />
      <ManufactureItemDescription />
      <UnitQty>י"ח</UnitQty>
      <Quantity>110</Quantity>
      <UnitMeasure>ל  גרם</UnitMeasure>
      <BisWeighted>0</BisWeighted>
      <QtyInPackage>1</QtyInPackage>
      <ItemPrice>9.90</ItemPrice>
      <UnitOfMeasurePrice>9</UnitOfMeasurePrice>
      <AllowDiscount>0</AllowDiscount>
      <itemStatus>1</itemStatus>
      <LastUpdateDate />
      <LastUpdateTime />
    </Product>
    <Product>
      <PriceUpdateDate>2019/12/19 12:59</PriceUpdateDate>
      <ItemCode>7290112349675</ItemCode>
      <ItemType>1</ItemType>
      <ItemName>גמדים סקוויז וניל  בודד 100ג</ItemName>
      <ManufactureName>שטראוס גרופ ***בעמ</ManufactureName>
      <ManufactureCountry />
      <ManufactureItemDescription />
      <UnitQty>י"ח</UnitQty>
      <Quantity>100</Quantity>
      <UnitMeasure>ל  גרם</UnitMeasure>
      <BisWeighted>0</BisWeighted>
      <QtyInPackage>1</QtyInPackage>
      <ItemPrice>5.90</ItemPrice>
      <UnitOfMeasurePrice>5.90</UnitOfMeasurePrice>
      <AllowDiscount>1</AllowDiscount>
      <itemStatus>1</itemStatus>
      <LastUpdateDate />
      <LastUpdateTime />
    </Product>
    <Product>
      <PriceUpdateDate>2020/01/16 10:22</PriceUpdateDate>
      <ItemCode>7290112349736</ItemCode>
      <ItemType>1</ItemType>
      <ItemName>רוטב עגבניות לפסטה בזיליקום 350גר</ItemName>
      <ManufactureName>שטראוס גרופ בעמ</ManufactureName>
      <ManufactureCountry />
      <ManufactureItemDescription />
      <UnitQty>י"ח</UnitQty>
      <Quantity>350</Quantity>
      <UnitMeasure>ל  גרם</UnitMeasure>
      <BisWeighted>0</BisWeighted>
      <QtyInPackage>1</QtyInPackage>
      <ItemPrice>10.90</ItemPrice>
      <UnitOfMeasurePrice>3.11</UnitOfMeasurePrice>
      <AllowDiscount>0</AllowDiscount>
      <itemStatus>1</itemStatus>
      <LastUpdateDate />
      <LastUpdateTime />
    </Product>
    <Product>
      <PriceUpdateDate>2020/02/25 09:15</PriceUpdateDate>
      <ItemCode>7290112357175</ItemCode>
      <ItemType>1</ItemType>
      <ItemName>קפסולות אספרסו Boost עלית 14יח כשל"פ</ItemName>
      <ManufactureName>שטראוס גרופ בעמ</ManufactureName>
      <ManufactureCountry />
      <ManufactureItemDescription />
      <UnitQty>י"ח</UnitQty>
      <Quantity>50</Quantity>
      <UnitMeasure>ל  גרם</UnitMeasure>
      <BisWeighted>0</BisWeighted>
      <QtyInPackage>1</QtyInPackage>
      <ItemPrice>17.90</ItemPrice>
      <UnitOfMeasurePrice>35.80</UnitOfMeasurePrice>
      <AllowDiscount>1</AllowDiscount>
      <itemStatus>1</itemStatus>
      <LastUpdateDate />
      <LastUpdateTime />
    </Product>
    <Product>
      <PriceUpdateDate>2019/12/31 11:14</PriceUpdateDate>
      <ItemCode>7290112490650</ItemCode>
      <ItemType>1</ItemType>
      <ItemName>קונפיטורה תות שדה 340ג</ItemName>
      <ManufactureName>יוניליוור ישראל שיווק בעמ</ManufactureName>
      <ManufactureCountry />
      <ManufactureItemDescription />
      <UnitQty>י"ח</UnitQty>
      <Quantity>340</Quantity>
      <UnitMeasure>ל  גרם</UnitMeasure>
      <BisWeighted>0</BisWeighted>
      <QtyInPackage>1</QtyInPackage>
      <ItemPrice>11.90</ItemPrice>
      <UnitOfMeasurePrice>3.50</UnitOfMeasurePrice>
      <AllowDiscount>0</AllowDiscount>
      <itemStatus>1</itemStatus>
      <LastUpdateDate />
      <LastUpdateTime />
    </Product>
    <Product>
      <PriceUpdateDate>2019/01/25 08:27</PriceUpdateDate>
      <ItemCode>7290112490698</ItemCode>
      <ItemType>1</ItemType>
      <ItemName>קונפיטורה תות לייט 260ג</ItemName>
      <ManufactureName>יוניליוור ישראל שיווק בעמ</ManufactureName>
      <ManufactureCountry />
      <ManufactureItemDescription />
      <UnitQty>י"ח</UnitQty>
      <Quantity>260</Quantity>
      <UnitMeasure>ל  גרם</UnitMeasure>
      <BisWeighted>0</BisWeighted>
      <QtyInPackage>1</QtyInPackage>
      <ItemPrice>12.90</ItemPrice>
      <UnitOfMeasurePrice>4.96</UnitOfMeasurePrice>
      <AllowDiscount>0</AllowDiscount>
      <itemStatus>1</itemStatus>
      <LastUpdateDate />
      <LastUpdateTime />
    </Product>
    <Product>
      <PriceUpdateDate>2019/05/15 10:28</PriceUpdateDate>
      <ItemCode>7290112490896</ItemCode>
      <ItemType>1</ItemType>
      <ItemName>רוטב צ ילי חריף  370 מ"ל</ItemName>
      <ManufactureName>יוניליוור ישראל שיווק בעמ</ManufactureName>
      <ManufactureCountry />
      <ManufactureItemDescription />
      <UnitQty>י"ח</UnitQty>
      <Quantity>300</Quantity>
      <UnitMeasure>ל  מ"ל</UnitMeasure>
      <BisWeighted>0</BisWeighted>
      <QtyInPackage>1</QtyInPackage>
      <ItemPrice>12.90</ItemPrice>
      <UnitOfMeasurePrice>4.30</UnitOfMeasurePrice>
      <AllowDiscount>0</AllowDiscount>
      <itemStatus>1</itemStatus>
      <LastUpdateDate />
      <LastUpdateTime />
    </Product>
    <Product>
      <PriceUpdateDate>2019/12/31 11:14</PriceUpdateDate>
      <ItemCode>7290112491527</ItemCode>
      <ItemType>1</ItemType>
      <ItemName>רוטב טריאקי שומשום 310ג קנור</ItemName>
      <ManufactureName>יוניליוור ישראל שיווק בעמ</ManufactureName>
      <ManufactureCountry />
      <ManufactureItemDescription />
      <UnitQty>י"ח</UnitQty>
      <Quantity>310</Quantity>
      <UnitMeasure>ל  מ"ל</UnitMeasure>
      <BisWeighted>0</BisWeighted>
      <QtyInPackage>1</QtyInPackage>
      <ItemPrice>9.90</ItemPrice>
      <UnitOfMeasurePrice>3.19</UnitOfMeasurePrice>
      <AllowDiscount>0</AllowDiscount>
      <itemStatus>1</itemStatus>
      <LastUpdateDate />
      <LastUpdateTime />
    </Product>
    <Product>
      <PriceUpdateDate>2019/07/24 06:50</PriceUpdateDate>
      <ItemCode>7290112491534</ItemCode>
      <ItemType>1</ItemType>
      <ItemName>שוקולד ורד הגליל  1/3</ItemName>
      <ManufactureName>יוניליוור ישראל שיווק בעמ</ManufactureName>
      <ManufactureCountry />
      <ManufactureItemDescription />
      <UnitQty>י"ח</UnitQty>
      <Quantity>300</Quantity>
      <UnitMeasure>ל  גרם</UnitMeasure>
      <BisWeighted>0</BisWeighted>
      <QtyInPackage>1</QtyInPackage>
      <ItemPrice>11.90</ItemPrice>
      <UnitOfMeasurePrice>3.97</UnitOfMeasurePrice>
      <AllowDiscount>0</AllowDiscount>
      <itemStatus>1</itemStatus>
      <LastUpdateDate />
      <LastUpdateTime />
    </Product>
    <Product>
      <PriceUpdateDate>2019/12/31 11:14</PriceUpdateDate>
      <ItemCode>7290112491558</ItemCode>
      <ItemType>1</ItemType>
      <ItemName>מאגדת 6 טבלאות מריר</ItemName>
      <ManufactureName>יוניליוור ישראל שיווק בעמ</ManufactureName>
      <ManufactureCountry />
      <ManufactureItemDescription />
      <UnitQty>י"ח</UnitQty>
      <Quantity>600</Quantity>
      <UnitMeasure>ל  גרם</UnitMeasure>
      <BisWeighted>0</BisWeighted>
      <QtyInPackage>1</QtyInPackage>
      <ItemPrice>18.90</ItemPrice>
      <UnitOfMeasurePrice>3.15</UnitOfMeasurePrice>
      <AllowDiscount>0</AllowDiscount>
      <itemStatus>1</itemStatus>
      <LastUpdateDate />
      <LastUpdateTime />
    </Product>
    <Product>
      <PriceUpdateDate>2019/12/31 11:14</PriceUpdateDate>
      <ItemCode>7290112491770</ItemCode>
      <ItemType>1</ItemType>
      <ItemName>בייגלה דקים דקים מלח  300 גר`</ItemName>
      <ManufactureName>יוניליוור ישראל שיווק בעמ</ManufactureName>
      <ManufactureCountry />
      <ManufactureItemDescription />
      <UnitQty>י"ח</UnitQty>
      <Quantity>300</Quantity>
      <UnitMeasure>ל  גרם</UnitMeasure>
      <BisWeighted>0</BisWeighted>
      <QtyInPackage>1</QtyInPackage>
      <ItemPrice>9.90</ItemPrice>
      <UnitOfMeasurePrice>3.30</UnitOfMeasurePrice>
      <AllowDiscount>0</AllowDiscount>
      <itemStatus>1</itemStatus>
      <LastUpdateDate />
      <LastUpdateTime />
    </Product>
    <Product>
      <PriceUpdateDate>2019/12/31 11:14</PriceUpdateDate>
      <ItemCode>7290112491787</ItemCode>
      <ItemType>1</ItemType>
      <ItemName>בייגלה דקים דקים שומשום  300 גר`</ItemName>
      <ManufactureName>יוניליוור ישראל שיווק בעמ</ManufactureName>
      <ManufactureCountry />
      <ManufactureItemDescription />
      <UnitQty>י"ח</UnitQty>
      <Quantity>300</Quantity>
      <UnitMeasure>ל  גרם</UnitMeasure>
      <BisWeighted>0</BisWeighted>
      <QtyInPackage>1</QtyInPackage>
      <ItemPrice>9.90</ItemPrice>
      <UnitOfMeasurePrice>3.30</UnitOfMeasurePrice>
      <AllowDiscount>0</AllowDiscount>
      <itemStatus>1</itemStatus>
      <LastUpdateDate />
      <LastUpdateTime />
    </Product>
    <Product>
      <PriceUpdateDate>2019/05/20 12:52</PriceUpdateDate>
      <ItemCode>7290112491794</ItemCode>
      <ItemType>1</ItemType>
      <ItemName>בייגלה דקים דקים שמנת בצל  300 גר`</ItemName>
      <ManufactureName>יוניליוור ישראל שיווק בעמ</ManufactureName>
      <ManufactureCountry />
      <ManufactureItemDescription />
      <UnitQty>י"ח</UnitQty>
      <Quantity>300</Quantity>
      <UnitMeasure>ל  גרם</UnitMeasure>
      <BisWeighted>0</BisWeighted>
      <QtyInPackage>1</QtyInPackage>
      <ItemPrice>10.90</ItemPrice>
      <UnitOfMeasurePrice>3.63</UnitOfMeasurePrice>
      <AllowDiscount>0</AllowDiscount>
      <itemStatus>1</itemStatus>
      <LastUpdateDate />
      <LastUpdateTime />
    </Product>
    <Product>
      <PriceUpdateDate>2019/12/31 11:14</PriceUpdateDate>
      <ItemCode>7290112492371</ItemCode>
      <ItemType>1</ItemType>
      <ItemName>חטיפי בוטנים ושקדים טעם קרמל 200ג</ItemName>
      <ManufactureName>יוניליוור ישראל שיווק בעמ</ManufactureName>
      <ManufactureCountry />
      <ManufactureItemDescription />
      <UnitQty>י"ח</UnitQty>
      <Quantity>200</Quantity>
      <UnitMeasure>ל  גרם</UnitMeasure>
      <BisWeighted>0</BisWeighted>
      <QtyInPackage>1</QtyInPackage>
      <ItemPrice>21.90</ItemPrice>
      <UnitOfMeasurePrice>10.95</UnitOfMeasurePrice>
      <AllowDiscount>0</AllowDiscount>
      <itemStatus>1</itemStatus>
      <LastUpdateDate />
      <LastUpdateTime />
    </Product>
    <Product>
      <PriceUpdateDate>2020/03/12 09:17</PriceUpdateDate>
      <ItemCode>7290112492616</ItemCode>
      <ItemType>1</ItemType>
      <ItemName>פינוק תחליב רחצה שמן מרויקאי 700 מ"ל</ItemName>
      <ManufactureName>יוניליוור ישראל שיווק בעמ</ManufactureName>
      <ManufactureCountry />
      <ManufactureItemDescription />
      <UnitQty>י"ח</UnitQty>
      <Quantity>700</Quantity>
      <UnitMeasure>ל  מ"ל</UnitMeasure>
      <BisWeighted>0</BisWeighted>
      <QtyInPackage>1</QtyInPackage>
      <ItemPrice>9.90</ItemPrice>
      <UnitOfMeasurePrice>1.41</UnitOfMeasurePrice>
      <AllowDiscount>0</AllowDiscount>
      <itemStatus>1</itemStatus>
      <LastUpdateDate />
      <LastUpdateTime />
    </Product>
    <Product>
      <PriceUpdateDate>2020/01/06 09:26</PriceUpdateDate>
      <ItemCode>7290112492623</ItemCode>
      <ItemType>1</ItemType>
      <ItemName>פינוק סבון נוזלי שמן קוקוס 700מ"ל</ItemName>
      <ManufactureName>יוניליוור ישראל שיווק בעמ</ManufactureName>
      <ManufactureCountry />
      <ManufactureItemDescription />
      <UnitQty>י"ח</UnitQty>
      <Quantity>700</Quantity>
      <UnitMeasure>ל  מ"ל</UnitMeasure>
      <BisWeighted>0</BisWeighted>
      <QtyInPackage>1</QtyInPackage>
      <ItemPrice>9.90</ItemPrice>
      <UnitOfMeasurePrice>1.41</UnitOfMeasurePrice>
      <AllowDiscount>0</AllowDiscount>
      <itemStatus>1</itemStatus>
      <LastUpdateDate />
      <LastUpdateTime />
    </Product>
    <Product>
      <PriceUpdateDate>2020/01/06 09:26</PriceUpdateDate>
      <ItemCode>7290112492630</ItemCode>
      <ItemType>1</ItemType>
      <ItemName>פינוק לגבר 3ב1 700מ"ל</ItemName>
      <ManufactureName>יוניליוור ישראל שיווק בעמ</ManufactureName>
      <ManufactureCountry />
      <ManufactureItemDescription />
      <UnitQty>י"ח</UnitQty>
      <Quantity>700</Quantity>
      <UnitMeasure>ל  מ"ל</UnitMeasure>
      <BisWeighted>0</BisWeighted>
      <QtyInPackage>1</QtyInPackage>
      <ItemPrice>11.90</ItemPrice>
      <UnitOfMeasurePrice>1.70</UnitOfMeasurePrice>
      <AllowDiscount>0</AllowDiscount>
      <itemStatus>1</itemStatus>
      <LastUpdateDate />
      <LastUpdateTime />
    </Product>
    <Product>
      <PriceUpdateDate>2019/12/31 11:14</PriceUpdateDate>
      <ItemCode>7290112492821</ItemCode>
      <ItemType>1</ItemType>
      <ItemName>מטליות סיף לניקוי כללי 50 יח מאסק.</ItemName>
      <ManufactureName>יוניליוור ישראל שיווק בעמ</ManufactureName>
      <ManufactureCountry />
      <ManufactureItemDescription />
      <UnitQty>י"ח</UnitQty>
      <Quantity>1</Quantity>
      <UnitMeasure>י"ח</UnitMeasure>
      <BisWeighted>0</BisWeighted>
      <QtyInPackage>1</QtyInPackage>
      <ItemPrice>7.90</ItemPrice>
      <UnitOfMeasurePrice>7.90</UnitOfMeasurePrice>
      <AllowDiscount>0</AllowDiscount>
      <itemStatus>1</itemStatus>
      <LastUpdateDate />
      <LastUpdateTime />
    </Product>
    <Product>
      <PriceUpdateDate>2020/02/10 09:28</PriceUpdateDate>
      <ItemCode>7290112492982</ItemCode>
      <ItemType>1</ItemType>
      <ItemName>מרק פטריות רכיבים טבעיים 400ג קנור</ItemName>
      <ManufactureName>יוניליוור ישראל שיווק בעמ</ManufactureName>
      <ManufactureCountry />
      <ManufactureItemDescription />
      <UnitQty>י"ח</UnitQty>
      <Quantity>400</Quantity>
      <UnitMeasure>ל  גרם</UnitMeasure>
      <BisWeighted>0</BisWeighted>
      <QtyInPackage>1</QtyInPackage>
      <ItemPrice>24.90</ItemPrice>
      <UnitOfMeasurePrice>6.23</UnitOfMeasurePrice>
      <AllowDiscount>0</AllowDiscount>
      <itemStatus>1</itemStatus>
      <LastUpdateDate />
      <LastUpdateTime />
    </Product>
    <Product>
      <PriceUpdateDate>2020/02/10 09:28</PriceUpdateDate>
      <ItemCode>7290112493873</ItemCode>
      <ItemType>1</ItemType>
      <ItemName>בייגלה דג דג 400 ג`</ItemName>
      <ManufactureName>יוניליוור ישראל שיווק בעמ</ManufactureName>
      <ManufactureCountry />
      <ManufactureItemDescription />
      <UnitQty>י"ח</UnitQty>
      <Quantity>400</Quantity>
      <UnitMeasure>ל  גרם</UnitMeasure>
      <BisWeighted>0</BisWeighted>
      <QtyInPackage>1</QtyInPackage>
      <ItemPrice>10.90</ItemPrice>
      <UnitOfMeasurePrice>2.73</UnitOfMeasurePrice>
      <AllowDiscount>0</AllowDiscount>
      <itemStatus>1</itemStatus>
      <LastUpdateDate />
      <LastUpdateTime />
    </Product>
    <Product>
      <PriceUpdateDate>2019/11/28 06:33</PriceUpdateDate>
      <ItemCode>7290112493927</ItemCode>
      <ItemType>1</ItemType>
      <ItemName>קרמיסימו מעדן קפוא טעם ריבת חלב</ItemName>
      <ManufactureName>גלידות שטראוס בעמ</ManufactureName>
      <ManufactureCountry />
      <ManufactureItemDescription />
      <UnitQty>י"ח</UnitQty>
      <Quantity>776</Quantity>
      <UnitMeasure>ל  מ"ל</UnitMeasure>
      <BisWeighted>0</BisWeighted>
      <QtyInPackage>1</QtyInPackage>
      <ItemPrice>18.90</ItemPrice>
      <UnitOfMeasurePrice>2.44</UnitOfMeasurePrice>
      <AllowDiscount>0</AllowDiscount>
      <itemStatus>1</itemStatus>
      <LastUpdateDate />
      <LastUpdateTime />
    </Product>
    <Product>
      <PriceUpdateDate>2019/11/28 06:33</PriceUpdateDate>
      <ItemCode>7290112493934</ItemCode>
      <ItemType>1</ItemType>
      <ItemName>קרמיסימו מעדן קפוא טעם וניל צרפתי</ItemName>
      <ManufactureName>גלידות שטראוס בעמ</ManufactureName>
      <ManufactureCountry />
      <ManufactureItemDescription />
      <UnitQty>י"ח</UnitQty>
      <Quantity>776</Quantity>
      <UnitMeasure>ל  מ"ל</UnitMeasure>
      <BisWeighted>0</BisWeighted>
      <QtyInPackage>1</QtyInPackage>
      <ItemPrice>18.90</ItemPrice>
      <UnitOfMeasurePrice>2.44</UnitOfMeasurePrice>
      <AllowDiscount>0</AllowDiscount>
      <itemStatus>1</itemStatus>
      <LastUpdateDate />
      <LastUpdateTime />
    </Product>
    <Product>
      <PriceUpdateDate>2019/11/28 06:33</PriceUpdateDate>
      <ItemCode>7290112493965</ItemCode>
      <ItemType>1</ItemType>
      <ItemName>קרמיסימו מעדן קפוא טעם וניל מסטיק</ItemName>
      <ManufactureName>גלידות שטראוס בעמ</ManufactureName>
      <ManufactureCountry />
      <ManufactureItemDescription />
      <UnitQty>י"ח</UnitQty>
      <Quantity>814</Quantity>
      <UnitMeasure>ל  מ"ל</UnitMeasure>
      <BisWeighted>0</BisWeighted>
      <QtyInPackage>1</QtyInPackage>
      <ItemPrice>18.90</ItemPrice>
      <UnitOfMeasurePrice>2.32</UnitOfMeasurePrice>
      <AllowDiscount>0</AllowDiscount>
      <itemStatus>1</itemStatus>
      <LastUpdateDate />
      <LastUpdateTime />
    </Product>
    <Product>
      <PriceUpdateDate>2019/06/12 12:41</PriceUpdateDate>
      <ItemCode>7290112494016</ItemCode>
      <ItemType>1</ItemType>
      <ItemName>מיונז מופחת שומן 500 תלמה</ItemName>
      <ManufactureName>יוניליוור ישראל שיווק בעמ</ManufactureName>
      <ManufactureCountry />
      <ManufactureItemDescription />
      <UnitQty>י"ח</UnitQty>
      <Quantity>500</Quantity>
      <UnitMeasure>ל  גרם</UnitMeasure>
      <BisWeighted>0</BisWeighted>
      <QtyInPackage>1</QtyInPackage>
      <ItemPrice>9.90</ItemPrice>
      <UnitOfMeasurePrice>1.98</UnitOfMeasurePrice>
      <AllowDiscount>0</AllowDiscount>
      <itemStatus>1</itemStatus>
      <LastUpdateDate />
      <LastUpdateTime />
    </Product>
    <Product>
      <PriceUpdateDate>2019/12/31 11:14</PriceUpdateDate>
      <ItemCode>7290112494023</ItemCode>
      <ItemType>1</ItemType>
      <ItemName>חטיפי בוטנים ושקדים טעם קוקוס 200ג</ItemName>
      <ManufactureName>יוניליוור ישראל שיווק בעמ</ManufactureName>
      <ManufactureCountry />
      <ManufactureItemDescription />
      <UnitQty>י"ח</UnitQty>
      <Quantity>200</Quantity>
      <UnitMeasure>ל  גרם</UnitMeasure>
      <BisWeighted>0</BisWeighted>
      <QtyInPackage>1</QtyInPackage>
      <ItemPrice>21.90</ItemPrice>
      <UnitOfMeasurePrice>10.95</UnitOfMeasurePrice>
      <AllowDiscount>0</AllowDiscount>
      <itemStatus>1</itemStatus>
      <LastUpdateDate />
      <LastUpdateTime />
    </Product>
    <Product>
      <PriceUpdateDate>2020/02/17 12:57</PriceUpdateDate>
      <ItemCode>7290112494221</ItemCode>
      <ItemType>1</ItemType>
      <ItemName>קליק ביסקוויט    65ג</ItemName>
      <ManufactureName>יוניליוור ישראל שיווק בעמ</ManufactureName>
      <ManufactureCountry />
      <ManufactureItemDescription />
      <UnitQty>י"ח</UnitQty>
      <Quantity>65</Quantity>
      <UnitMeasure>ל  גרם</UnitMeasure>
      <BisWeighted>0</BisWeighted>
      <QtyInPackage>1</QtyInPackage>
      <ItemPrice>5.90</ItemPrice>
      <UnitOfMeasurePrice>9.08</UnitOfMeasurePrice>
      <AllowDiscount>0</AllowDiscount>
      <itemStatus>1</itemStatus>
      <LastUpdateDate />
      <LastUpdateTime />
    </Product>
    <Product>
      <PriceUpdateDate>2020/02/17 12:57</PriceUpdateDate>
      <ItemCode>7290112494238</ItemCode>
      <ItemType>1</ItemType>
      <ItemName>קליק כדורים חלב 65ג</ItemName>
      <ManufactureName>יוניליוור ישראל שיווק בעמ</ManufactureName>
      <ManufactureCountry />
      <ManufactureItemDescription />
      <UnitQty>י"ח</UnitQty>
      <Quantity>65</Quantity>
      <UnitMeasure>ל  גרם</UnitMeasure>
      <BisWeighted>0</BisWeighted>
      <QtyInPackage>1</QtyInPackage>
      <ItemPrice>5.90</ItemPrice>
      <UnitOfMeasurePrice>9.08</UnitOfMeasurePrice>
      <AllowDiscount>0</AllowDiscount>
      <itemStatus>1</itemStatus>
      <LastUpdateDate />
      <LastUpdateTime />
    </Product>
    <Product>
      <PriceUpdateDate>2020/02/17 12:57</PriceUpdateDate>
      <ItemCode>7290112494276</ItemCode>
      <ItemType>1</ItemType>
      <ItemName>קליק כריות  65ג</ItemName>
      <ManufactureName>יוניליוור ישראל שיווק בעמ</ManufactureName>
      <ManufactureCountry />
      <ManufactureItemDescription />
      <UnitQty>י"ח</UnitQty>
      <Quantity>65</Quantity>
      <UnitMeasure>ל  גרם</UnitMeasure>
      <BisWeighted>0</BisWeighted>
      <QtyInPackage>1</QtyInPackage>
      <ItemPrice>5.90</ItemPrice>
      <UnitOfMeasurePrice>9.08</UnitOfMeasurePrice>
      <AllowDiscount>0</AllowDiscount>
      <itemStatus>1</itemStatus>
      <LastUpdateDate />
      <LastUpdateTime />
    </Product>
    <Product>
      <PriceUpdateDate>2020/02/17 12:57</PriceUpdateDate>
      <ItemCode>7290112494283</ItemCode>
      <ItemType>1</ItemType>
      <ItemName>קליק מעורב חום לבן 65ג</ItemName>
      <ManufactureName>יוניליוור ישראל שיווק בעמ</ManufactureName>
      <ManufactureCountry />
      <ManufactureItemDescription />
      <UnitQty>י"ח</UnitQty>
      <Quantity>65</Quantity>
      <UnitMeasure>ל  גרם</UnitMeasure>
      <BisWeighted>0</BisWeighted>
      <QtyInPackage>1</QtyInPackage>
      <ItemPrice>5.90</ItemPrice>
      <UnitOfMeasurePrice>9.08</UnitOfMeasurePrice>
      <AllowDiscount>0</AllowDiscount>
      <itemStatus>1</itemStatus>
      <LastUpdateDate />
      <LastUpdateTime />
    </Product>
    <Product>
      <PriceUpdateDate>2020/02/17 12:57</PriceUpdateDate>
      <ItemCode>7290112494313</ItemCode>
      <ItemType>1</ItemType>
      <ItemName>קליק קורנפלקס   65ג</ItemName>
      <ManufactureName>יוניליוור ישראל שיווק בעמ</ManufactureName>
      <ManufactureCountry />
      <ManufactureItemDescription />
      <UnitQty>י"ח</UnitQty>
      <Quantity>65</Quantity>
      <UnitMeasure>ל  גרם</UnitMeasure>
      <BisWeighted>0</BisWeighted>
      <QtyInPackage>1</QtyInPackage>
      <ItemPrice>5.90</ItemPrice>
      <UnitOfMeasurePrice>9.08</UnitOfMeasurePrice>
      <AllowDiscount>0</AllowDiscount>
      <itemStatus>1</itemStatus>
      <LastUpdateDate />
      <LastUpdateTime />
    </Product>
    <Product>
      <PriceUpdateDate>2020/02/06 11:11</PriceUpdateDate>
      <ItemCode>7290112494351</ItemCode>
      <ItemType>1</ItemType>
      <ItemName>קורנפלקס אלופים 850ג בדץ</ItemName>
      <ManufactureName>יוניליוור ישראל שיווק בעמ</ManufactureName>
      <ManufactureCountry />
      <ManufactureItemDescription />
      <UnitQty>י"ח</UnitQty>
      <Quantity>850</Quantity>
      <UnitMeasure>ל  גרם</UnitMeasure>
      <BisWeighted>0</BisWeighted>
      <QtyInPackage>1</QtyInPackage>
      <ItemPrice>15.90</ItemPrice>
      <UnitOfMeasurePrice>1.87</UnitOfMeasurePrice>
      <AllowDiscount>0</AllowDiscount>
      <itemStatus>1</itemStatus>
      <LastUpdateDate />
      <LastUpdateTime />
    </Product>
    <Product>
      <PriceUpdateDate>2019/12/31 11:14</PriceUpdateDate>
      <ItemCode>7290112494603</ItemCode>
      <ItemType>1</ItemType>
      <ItemName>דומסטוס מגבונים אסלה ליים</ItemName>
      <ManufactureName>יוניליוור ישראל שיווק בעמ</ManufactureName>
      <ManufactureCountry />
      <ManufactureItemDescription />
      <UnitQty>י"ח</UnitQty>
      <Quantity>55</Quantity>
      <UnitMeasure>ל  מ"ל</UnitMeasure>
      <BisWeighted>0</BisWeighted>
      <QtyInPackage>1</QtyInPackage>
      <ItemPrice>7.90</ItemPrice>
      <UnitOfMeasurePrice>14.36</UnitOfMeasurePrice>
      <AllowDiscount>0</AllowDiscount>
      <itemStatus>1</itemStatus>
      <LastUpdateDate />
      <LastUpdateTime />
    </Product>
    <Product>
      <PriceUpdateDate>2019/11/25 08:26</PriceUpdateDate>
      <ItemCode>7290112494795</ItemCode>
      <ItemType>1</ItemType>
      <ItemName>בדין ג`ל כביסה לבנה וצבעונית 2.5ק"ג</ItemName>
      <ManufactureName>יוניליוור ישראל שיווק בעמ</ManufactureName>
      <ManufactureCountry />
      <ManufactureItemDescription />
      <UnitQty>י"ח</UnitQty>
      <Quantity>2.50</Quantity>
      <UnitMeasure>ליטר</UnitMeasure>
      <BisWeighted>0</BisWeighted>
      <QtyInPackage>1</QtyInPackage>
      <ItemPrice>32.90</ItemPrice>
      <UnitOfMeasurePrice>13.16</UnitOfMeasurePrice>
      <AllowDiscount>0</AllowDiscount>
      <itemStatus>1</itemStatus>
      <LastUpdateDate />
      <LastUpdateTime />
    </Product>
    <Product>
      <PriceUpdateDate>2019/11/25 08:26</PriceUpdateDate>
      <ItemCode>7290112494801</ItemCode>
      <ItemType>1</ItemType>
      <ItemName>בדין ג`ל כביסה לבנה וצבעונית 2.5ק"ג</ItemName>
      <ManufactureName>יוניליוור ישראל שיווק בעמ</ManufactureName>
      <ManufactureCountry />
      <ManufactureItemDescription />
      <UnitQty>י"ח</UnitQty>
      <Quantity>2.50</Quantity>
      <UnitMeasure>ליטר</UnitMeasure>
      <BisWeighted>0</BisWeighted>
      <QtyInPackage>1</QtyInPackage>
      <ItemPrice>32.90</ItemPrice>
      <UnitOfMeasurePrice>13.16</UnitOfMeasurePrice>
      <AllowDiscount>0</AllowDiscount>
      <itemStatus>1</itemStatus>
      <LastUpdateDate />
      <LastUpdateTime />
    </Product>
    <Product>
      <PriceUpdateDate>2019/11/25 08:26</PriceUpdateDate>
      <ItemCode>7290112494818</ItemCode>
      <ItemType>1</ItemType>
      <ItemName>בדין ג`ל כביסה בייבי 2.5ק"ג</ItemName>
      <ManufactureName>יוניליוור ישראל שיווק בעמ</ManufactureName>
      <ManufactureCountry />
      <ManufactureItemDescription />
      <UnitQty>י"ח</UnitQty>
      <Quantity>2.50</Quantity>
      <UnitMeasure>ליטר</UnitMeasure>
      <BisWeighted>0</BisWeighted>
      <QtyInPackage>1</QtyInPackage>
      <ItemPrice>32.90</ItemPrice>
      <UnitOfMeasurePrice>13.16</UnitOfMeasurePrice>
      <AllowDiscount>0</AllowDiscount>
      <itemStatus>1</itemStatus>
      <LastUpdateDate />
      <LastUpdateTime />
    </Product>
    <Product>
      <PriceUpdateDate>2019/12/31 11:14</PriceUpdateDate>
      <ItemCode>7290112494955</ItemCode>
      <ItemType>1</ItemType>
      <ItemName>רוטב חרדל וסילאן 340גרם</ItemName>
      <ManufactureName>יוניליוור ישראל שיווק בעמ</ManufactureName>
      <ManufactureCountry />
      <ManufactureItemDescription />
      <UnitQty>י"ח</UnitQty>
      <Quantity>360</Quantity>
      <UnitMeasure>ל  מ"ל</UnitMeasure>
      <BisWeighted>0</BisWeighted>
      <QtyInPackage>1</QtyInPackage>
      <ItemPrice>9.90</ItemPrice>
      <UnitOfMeasurePrice>2.75</UnitOfMeasurePrice>
      <AllowDiscount>0</AllowDiscount>
      <itemStatus>1</itemStatus>
      <LastUpdateDate />
      <LastUpdateTime />
    </Product>
    <Product>
      <PriceUpdateDate>2019/12/31 11:14</PriceUpdateDate>
      <ItemCode>7290112494979</ItemCode>
      <ItemType>1</ItemType>
      <ItemName>רוטב שום ודבש 360 גרם קנור</ItemName>
      <ManufactureName>יוניליוור ישראל שיווק בעמ</ManufactureName>
      <ManufactureCountry />
      <ManufactureItemDescription />
      <UnitQty>י"ח</UnitQty>
      <Quantity>360</Quantity>
      <UnitMeasure>ל  מ"ל</UnitMeasure>
      <BisWeighted>0</BisWeighted>
      <QtyInPackage>1</QtyInPackage>
      <ItemPrice>9.90</ItemPrice>
      <UnitOfMeasurePrice>2.75</UnitOfMeasurePrice>
      <AllowDiscount>0</AllowDiscount>
      <itemStatus>1</itemStatus>
      <LastUpdateDate />
      <LastUpdateTime />
    </Product>
    <Product>
      <PriceUpdateDate>2019/12/31 11:14</PriceUpdateDate>
      <ItemCode>7290112494986</ItemCode>
      <ItemType>1</ItemType>
      <ItemName>רוטב אדום לקציצות 310גרם קנור</ItemName>
      <ManufactureName>יוניליוור ישראל שיווק בעמ</ManufactureName>
      <ManufactureCountry />
      <ManufactureItemDescription />
      <UnitQty>י"ח</UnitQty>
      <Quantity>310</Quantity>
      <UnitMeasure>ל  גרם</UnitMeasure>
      <BisWeighted>0</BisWeighted>
      <QtyInPackage>1</QtyInPackage>
      <ItemPrice>9.90</ItemPrice>
      <UnitOfMeasurePrice>3.19</UnitOfMeasurePrice>
      <AllowDiscount>0</AllowDiscount>
      <itemStatus>1</itemStatus>
      <LastUpdateDate />
      <LastUpdateTime />
    </Product>
    <Product>
      <PriceUpdateDate>2019/12/31 11:14</PriceUpdateDate>
      <ItemCode>7290112495020</ItemCode>
      <ItemType>1</ItemType>
      <ItemName>.כריות צ וקולדה 686 ג בד"ץ</ItemName>
      <ManufactureName>יוניליוור ישראל שיווק בעמ</ManufactureName>
      <ManufactureCountry />
      <ManufactureItemDescription />
      <UnitQty>י"ח</UnitQty>
      <Quantity>750</Quantity>
      <UnitMeasure>ל  גרם</UnitMeasure>
      <BisWeighted>0</BisWeighted>
      <QtyInPackage>1</QtyInPackage>
      <ItemPrice>19.90</ItemPrice>
      <UnitOfMeasurePrice>2.65</UnitOfMeasurePrice>
      <AllowDiscount>0</AllowDiscount>
      <itemStatus>1</itemStatus>
      <LastUpdateDate />
      <LastUpdateTime />
    </Product>
    <Product>
      <PriceUpdateDate>2019/12/31 11:14</PriceUpdateDate>
      <ItemCode>7290112495037</ItemCode>
      <ItemType>1</ItemType>
      <ItemName>קוקומן בד"ץ 375ג  כדורים</ItemName>
      <ManufactureName>יוניליוור ישראל שיווק בעמ</ManufactureName>
      <ManufactureCountry />
      <ManufactureItemDescription />
      <UnitQty>י"ח</UnitQty>
      <Quantity>375</Quantity>
      <UnitMeasure>ל  גרם</UnitMeasure>
      <BisWeighted>0</BisWeighted>
      <QtyInPackage>1</QtyInPackage>
      <ItemPrice>19.90</ItemPrice>
      <UnitOfMeasurePrice>5.31</UnitOfMeasurePrice>
      <AllowDiscount>0</AllowDiscount>
      <itemStatus>1</itemStatus>
      <LastUpdateDate />
      <LastUpdateTime />
    </Product>
    <Product>
      <PriceUpdateDate>2019/12/31 11:14</PriceUpdateDate>
      <ItemCode>7290112495044</ItemCode>
      <ItemType>1</ItemType>
      <ItemName>קוקומן כדורים בד"ץ 375ב</ItemName>
      <ManufactureName>יוניליוור ישראל שיווק בעמ</ManufactureName>
      <ManufactureCountry />
      <ManufactureItemDescription />
      <UnitQty>י"ח</UnitQty>
      <Quantity>375</Quantity>
      <UnitMeasure>ל  גרם</UnitMeasure>
      <BisWeighted>0</BisWeighted>
      <QtyInPackage>1</QtyInPackage>
      <ItemPrice>19.90</ItemPrice>
      <UnitOfMeasurePrice>5.31</UnitOfMeasurePrice>
      <AllowDiscount>0</AllowDiscount>
      <itemStatus>1</itemStatus>
      <LastUpdateDate />
      <LastUpdateTime />
    </Product>
    <Product>
      <PriceUpdateDate>2019/12/31 11:14</PriceUpdateDate>
      <ItemCode>7290112495105</ItemCode>
      <ItemType>1</ItemType>
      <ItemName>נשנשים שמנת בצל 260 גרם</ItemName>
      <ManufactureName>יוניליוור ישראל שיווק בעמ</ManufactureName>
      <ManufactureCountry />
      <ManufactureItemDescription />
      <UnitQty>י"ח</UnitQty>
      <Quantity>260</Quantity>
      <UnitMeasure>ל  גרם</UnitMeasure>
      <BisWeighted>0</BisWeighted>
      <QtyInPackage>1</QtyInPackage>
      <ItemPrice>11.90</ItemPrice>
      <UnitOfMeasurePrice>4.58</UnitOfMeasurePrice>
      <AllowDiscount>0</AllowDiscount>
      <itemStatus>1</itemStatus>
      <LastUpdateDate />
      <LastUpdateTime />
    </Product>
    <Product>
      <PriceUpdateDate>2019/10/10 12:38</PriceUpdateDate>
      <ItemCode>7290112495136</ItemCode>
      <ItemType>1</ItemType>
      <ItemName>נשנשים קרקר 6 דגנים  300ג</ItemName>
      <ManufactureName>יוניליוור ישראל שיווק בעמ</ManufactureName>
      <ManufactureCountry />
      <ManufactureItemDescription />
      <UnitQty>י"ח</UnitQty>
      <Quantity>300</Quantity>
      <UnitMeasure>ל  גרם</UnitMeasure>
      <BisWeighted>0</BisWeighted>
      <QtyInPackage>1</QtyInPackage>
      <ItemPrice>12.90</ItemPrice>
      <UnitOfMeasurePrice>4.30</UnitOfMeasurePrice>
      <AllowDiscount>0</AllowDiscount>
      <itemStatus>1</itemStatus>
      <LastUpdateDate />
      <LastUpdateTime />
    </Product>
    <Product>
      <PriceUpdateDate>2019/12/31 11:14</PriceUpdateDate>
      <ItemCode>7290112495143</ItemCode>
      <ItemType>1</ItemType>
      <ItemName>נשנשים קרקר קוקטייל מלוח  3000 גר.</ItemName>
      <ManufactureName>יוניליוור ישראל שיווק בעמ</ManufactureName>
      <ManufactureCountry />
      <ManufactureItemDescription />
      <UnitQty>י"ח</UnitQty>
      <Quantity>300</Quantity>
      <UnitMeasure>ל  גרם</UnitMeasure>
      <BisWeighted>0</BisWeighted>
      <QtyInPackage>1</QtyInPackage>
      <ItemPrice>11.90</ItemPrice>
      <UnitOfMeasurePrice>3.97</UnitOfMeasurePrice>
      <AllowDiscount>0</AllowDiscount>
      <itemStatus>1</itemStatus>
      <LastUpdateDate />
      <LastUpdateTime />
    </Product>
    <Product>
      <PriceUpdateDate>2019/10/10 12:38</PriceUpdateDate>
      <ItemCode>7290112495167</ItemCode>
      <ItemType>1</ItemType>
      <ItemName>נשנשים קרקר משולשי שומשום 300ג</ItemName>
      <ManufactureName>יוניליוור ישראל שיווק בעמ</ManufactureName>
      <ManufactureCountry />
      <ManufactureItemDescription />
      <UnitQty>י"ח</UnitQty>
      <Quantity>300</Quantity>
      <UnitMeasure>ל  גרם</UnitMeasure>
      <BisWeighted>0</BisWeighted>
      <QtyInPackage>1</QtyInPackage>
      <ItemPrice>12.90</ItemPrice>
      <UnitOfMeasurePrice>4.30</UnitOfMeasurePrice>
      <AllowDiscount>0</AllowDiscount>
      <itemStatus>1</itemStatus>
      <LastUpdateDate />
      <LastUpdateTime />
    </Product>
    <Product>
      <PriceUpdateDate>2019/11/18 13:56</PriceUpdateDate>
      <ItemCode>7290112495228</ItemCode>
      <ItemType>1</ItemType>
      <ItemName>קורנפלקס  448ג דבש</ItemName>
      <ManufactureName>יוניליוור ישראל שיווק בעמ</ManufactureName>
      <ManufactureCountry />
      <ManufactureItemDescription />
      <UnitQty>י"ח</UnitQty>
      <Quantity>448</Quantity>
      <UnitMeasure>ל  גרם</UnitMeasure>
      <BisWeighted>0</BisWeighted>
      <QtyInPackage>1</QtyInPackage>
      <ItemPrice>18.90</ItemPrice>
      <UnitOfMeasurePrice>4.22</UnitOfMeasurePrice>
      <AllowDiscount>0</AllowDiscount>
      <itemStatus>1</itemStatus>
      <LastUpdateDate />
      <LastUpdateTime />
    </Product>
    <Product>
      <PriceUpdateDate>2019/11/18 13:56</PriceUpdateDate>
      <ItemCode>7290112495235</ItemCode>
      <ItemType>1</ItemType>
      <ItemName>קורנפלקס אלופים 415ג וניל</ItemName>
      <ManufactureName>יוניליוור ישראל שיווק בעמ</ManufactureName>
      <ManufactureCountry />
      <ManufactureItemDescription />
      <UnitQty>י"ח</UnitQty>
      <Quantity>415</Quantity>
      <UnitMeasure>ל  גרם</UnitMeasure>
      <BisWeighted>0</BisWeighted>
      <QtyInPackage>1</QtyInPackage>
      <ItemPrice>18.90</ItemPrice>
      <UnitOfMeasurePrice>4.55</UnitOfMeasurePrice>
      <AllowDiscount>0</AllowDiscount>
      <itemStatus>1</itemStatus>
      <LastUpdateDate />
      <LastUpdateTime />
    </Product>
    <Product>
      <PriceUpdateDate>2020/01/06 09:26</PriceUpdateDate>
      <ItemCode>7290112495242</ItemCode>
      <ItemType>1</ItemType>
      <ItemName>קורנפלקס אלופים 448ג מייפל</ItemName>
      <ManufactureName>יוניליוור ישראל שיווק בעמ</ManufactureName>
      <ManufactureCountry />
      <ManufactureItemDescription />
      <UnitQty>י"ח</UnitQty>
      <Quantity>448</Quantity>
      <UnitMeasure>ל  גרם</UnitMeasure>
      <BisWeighted>0</BisWeighted>
      <QtyInPackage>1</QtyInPackage>
      <ItemPrice>18.90</ItemPrice>
      <UnitOfMeasurePrice>4.22</UnitOfMeasurePrice>
      <AllowDiscount>0</AllowDiscount>
      <itemStatus>1</itemStatus>
      <LastUpdateDate />
      <LastUpdateTime />
    </Product>
    <Product>
      <PriceUpdateDate>2020/02/17 12:57</PriceUpdateDate>
      <ItemCode>7290112495266</ItemCode>
      <ItemType>1</ItemType>
      <ItemName>קליק דאבל קרם עוגיות</ItemName>
      <ManufactureName>יוניליוור ישראל שיווק בעמ</ManufactureName>
      <ManufactureCountry />
      <ManufactureItemDescription />
      <UnitQty>י"ח</UnitQty>
      <Quantity>65</Quantity>
      <UnitMeasure>ל  גרם</UnitMeasure>
      <BisWeighted>0</BisWeighted>
      <QtyInPackage>1</QtyInPackage>
      <ItemPrice>5.90</ItemPrice>
      <UnitOfMeasurePrice>9.08</UnitOfMeasurePrice>
      <AllowDiscount>0</AllowDiscount>
      <itemStatus>1</itemStatus>
      <LastUpdateDate />
      <LastUpdateTime />
    </Product>
    <Product>
      <PriceUpdateDate>2020/02/06 11:11</PriceUpdateDate>
      <ItemCode>7290112495280</ItemCode>
      <ItemType>1</ItemType>
      <ItemName>ברנפלקס ריבועי קינמון 400מ"ל</ItemName>
      <ManufactureName>יוניליוור ישראל שיווק בעמ</ManufactureName>
      <ManufactureCountry />
      <ManufactureItemDescription />
      <UnitQty>י"ח</UnitQty>
      <Quantity>400</Quantity>
      <UnitMeasure>ל  מ"ל</UnitMeasure>
      <BisWeighted>0</BisWeighted>
      <QtyInPackage>1</QtyInPackage>
      <ItemPrice>22.10</ItemPrice>
      <UnitOfMeasurePrice>5.53</UnitOfMeasurePrice>
      <AllowDiscount>0</AllowDiscount>
      <itemStatus>1</itemStatus>
      <LastUpdateDate />
      <LastUpdateTime />
    </Product>
    <Product>
      <PriceUpdateDate>2020/01/06 09:26</PriceUpdateDate>
      <ItemCode>7290112495365</ItemCode>
      <ItemType>1</ItemType>
      <ItemName>ממרח פסטו בזיליקום 200ג</ItemName>
      <ManufactureName>יוניליוור ישראל שיווק בעמ</ManufactureName>
      <ManufactureCountry />
      <ManufactureItemDescription />
      <UnitQty>י"ח</UnitQty>
      <Quantity>200</Quantity>
      <UnitMeasure>ל  גרם</UnitMeasure>
      <BisWeighted>0</BisWeighted>
      <QtyInPackage>1</QtyInPackage>
      <ItemPrice>12.90</ItemPrice>
      <UnitOfMeasurePrice>6.45</UnitOfMeasurePrice>
      <AllowDiscount>0</AllowDiscount>
      <itemStatus>1</itemStatus>
      <LastUpdateDate />
      <LastUpdateTime />
    </Product>
    <Product>
      <PriceUpdateDate>2020/01/06 09:26</PriceUpdateDate>
      <ItemCode>7290112495372</ItemCode>
      <ItemType>1</ItemType>
      <ItemName>ממרח עגבניות מיובשות 200ג</ItemName>
      <ManufactureName>יוניליוור ישראל שיווק בעמ</ManufactureName>
      <ManufactureCountry />
      <ManufactureItemDescription />
      <UnitQty>י"ח</UnitQty>
      <Quantity>200</Quantity>
      <UnitMeasure>ל  גרם</UnitMeasure>
      <BisWeighted>0</BisWeighted>
      <QtyInPackage>1</QtyInPackage>
      <ItemPrice>12.90</ItemPrice>
      <UnitOfMeasurePrice>6.45</UnitOfMeasurePrice>
      <AllowDiscount>0</AllowDiscount>
      <itemStatus>1</itemStatus>
      <LastUpdateDate />
      <LastUpdateTime />
    </Product>
    <Product>
      <PriceUpdateDate>2019/12/31 11:14</PriceUpdateDate>
      <ItemCode>7290112495433</ItemCode>
      <ItemType>1</ItemType>
      <ItemName>דליפקאן 400ג אגוזי פקאן ושקדים</ItemName>
      <ManufactureName>יוניליוור ישראל שיווק בעמ</ManufactureName>
      <ManufactureCountry />
      <ManufactureItemDescription />
      <UnitQty>י"ח</UnitQty>
      <Quantity>400</Quantity>
      <UnitMeasure>ל  גרם</UnitMeasure>
      <BisWeighted>0</BisWeighted>
      <QtyInPackage>1</QtyInPackage>
      <ItemPrice>21.90</ItemPrice>
      <UnitOfMeasurePrice>5.48</UnitOfMeasurePrice>
      <AllowDiscount>0</AllowDiscount>
      <itemStatus>1</itemStatus>
      <LastUpdateDate />
      <LastUpdateTime />
    </Product>
    <Product>
      <PriceUpdateDate>2020/01/06 09:26</PriceUpdateDate>
      <ItemCode>7290112495716</ItemCode>
      <ItemType>1</ItemType>
      <ItemName>בייגלה דקים טעם שמנת בצל 50גר`</ItemName>
      <ManufactureName>יוניליוור ישראל שיווק בעמ</ManufactureName>
      <ManufactureCountry />
      <ManufactureItemDescription />
      <UnitQty>י"ח</UnitQty>
      <Quantity>50</Quantity>
      <UnitMeasure>ל  גרם</UnitMeasure>
      <BisWeighted>0</BisWeighted>
      <QtyInPackage>1</QtyInPackage>
      <ItemPrice>2.90</ItemPrice>
      <UnitOfMeasurePrice>5.80</UnitOfMeasurePrice>
      <AllowDiscount>0</AllowDiscount>
      <itemStatus>1</itemStatus>
      <LastUpdateDate />
      <LastUpdateTime />
    </Product>
    <Product>
      <PriceUpdateDate>2020/01/06 09:26</PriceUpdateDate>
      <ItemCode>7290112495754</ItemCode>
      <ItemType>1</ItemType>
      <ItemName>הלמנס לסלט אלף האיים 305גרם</ItemName>
      <ManufactureName>יוניליוור ישראל שיווק בעמ</ManufactureName>
      <ManufactureCountry />
      <ManufactureItemDescription />
      <UnitQty>י"ח</UnitQty>
      <Quantity>305</Quantity>
      <UnitMeasure>ל  גרם</UnitMeasure>
      <BisWeighted>0</BisWeighted>
      <QtyInPackage>1</QtyInPackage>
      <ItemPrice>9.90</ItemPrice>
      <UnitOfMeasurePrice>3.25</UnitOfMeasurePrice>
      <AllowDiscount>0</AllowDiscount>
      <itemStatus>1</itemStatus>
      <LastUpdateDate />
      <LastUpdateTime />
    </Product>
    <Product>
      <PriceUpdateDate>2020/01/06 09:26</PriceUpdateDate>
      <ItemCode>7290112495761</ItemCode>
      <ItemType>1</ItemType>
      <ItemName>הלמנס לסלט אלף האיים לייט 305גרם בד"צ</ItemName>
      <ManufactureName>יוניליוור ישראל שיווק בעמ</ManufactureName>
      <ManufactureCountry />
      <ManufactureItemDescription />
      <UnitQty>י"ח</UnitQty>
      <Quantity>305</Quantity>
      <UnitMeasure>ל  גרם</UnitMeasure>
      <BisWeighted>0</BisWeighted>
      <QtyInPackage>1</QtyInPackage>
      <ItemPrice>9.90</ItemPrice>
      <UnitOfMeasurePrice>3.25</UnitOfMeasurePrice>
      <AllowDiscount>0</AllowDiscount>
      <itemStatus>1</itemStatus>
      <LastUpdateDate />
      <LastUpdateTime />
    </Product>
    <Product>
      <PriceUpdateDate>2020/01/06 09:26</PriceUpdateDate>
      <ItemCode>7290112495785</ItemCode>
      <ItemType>1</ItemType>
      <ItemName>הלמנס רוטב שום 300גרם</ItemName>
      <ManufactureName>יוניליוור ישראל שיווק בעמ</ManufactureName>
      <ManufactureCountry />
      <ManufactureItemDescription />
      <UnitQty>י"ח</UnitQty>
      <Quantity>300</Quantity>
      <UnitMeasure>ל  גרם</UnitMeasure>
      <BisWeighted>0</BisWeighted>
      <QtyInPackage>1</QtyInPackage>
      <ItemPrice>9.90</ItemPrice>
      <UnitOfMeasurePrice>3.30</UnitOfMeasurePrice>
      <AllowDiscount>0</AllowDiscount>
      <itemStatus>1</itemStatus>
      <LastUpdateDate />
      <LastUpdateTime />
    </Product>
    <Product>
      <PriceUpdateDate>2020/01/06 09:26</PriceUpdateDate>
      <ItemCode>7290112495792</ItemCode>
      <ItemType>1</ItemType>
      <ItemName>הלמנס רוטב שום לייט 300גרם</ItemName>
      <ManufactureName>יוניליוור ישראל שיווק בעמ</ManufactureName>
      <ManufactureCountry />
      <ManufactureItemDescription />
      <UnitQty>י"ח</UnitQty>
      <Quantity>300</Quantity>
      <UnitMeasure>ל  גרם</UnitMeasure>
      <BisWeighted>0</BisWeighted>
      <QtyInPackage>1</QtyInPackage>
      <ItemPrice>9.90</ItemPrice>
      <UnitOfMeasurePrice>3.30</UnitOfMeasurePrice>
      <AllowDiscount>0</AllowDiscount>
      <itemStatus>1</itemStatus>
      <LastUpdateDate />
      <LastUpdateTime />
    </Product>
    <Product>
      <PriceUpdateDate>2020/01/06 09:26</PriceUpdateDate>
      <ItemCode>7290112495808</ItemCode>
      <ItemType>1</ItemType>
      <ItemName>הלמנס לסלט חרדל ודבש 305גרם</ItemName>
      <ManufactureName>יוניליוור ישראל שיווק בעמ</ManufactureName>
      <ManufactureCountry />
      <ManufactureItemDescription />
      <UnitQty>י"ח</UnitQty>
      <Quantity>305</Quantity>
      <UnitMeasure>ל  גרם</UnitMeasure>
      <BisWeighted>0</BisWeighted>
      <QtyInPackage>1</QtyInPackage>
      <ItemPrice>9.90</ItemPrice>
      <UnitOfMeasurePrice>3.25</UnitOfMeasurePrice>
      <AllowDiscount>0</AllowDiscount>
      <itemStatus>1</itemStatus>
      <LastUpdateDate />
      <LastUpdateTime />
    </Product>
    <Product>
      <PriceUpdateDate>2020/03/11 11:14</PriceUpdateDate>
      <ItemCode>7290112498632</ItemCode>
      <ItemType>1</ItemType>
      <ItemName>טעמקור מיני קרצופים שטראוס</ItemName>
      <ManufactureName>גלידות שטראוס בעמ</ManufactureName>
      <ManufactureCountry />
      <ManufactureItemDescription />
      <UnitQty>י"ח</UnitQty>
      <Quantity>365</Quantity>
      <UnitMeasure>ל  גרם</UnitMeasure>
      <BisWeighted>0</BisWeighted>
      <QtyInPackage>1</QtyInPackage>
      <ItemPrice>31.90</ItemPrice>
      <UnitOfMeasurePrice>8.74</UnitOfMeasurePrice>
      <AllowDiscount>0</AllowDiscount>
      <itemStatus>1</itemStatus>
      <LastUpdateDate />
      <LastUpdateTime />
    </Product>
    <Product>
      <PriceUpdateDate>2020/03/11 11:14</PriceUpdateDate>
      <ItemCode>7290112499639</ItemCode>
      <ItemType>1</ItemType>
      <ItemName>טילון סופר מגנום וניל שוקולד</ItemName>
      <ManufactureName>גלידות שטראוס בעמ</ManufactureName>
      <ManufactureCountry />
      <ManufactureItemDescription />
      <UnitQty>י"ח</UnitQty>
      <Quantity>110</Quantity>
      <UnitMeasure>ל  גרם</UnitMeasure>
      <BisWeighted>0</BisWeighted>
      <QtyInPackage>1</QtyInPackage>
      <ItemPrice>13.90</ItemPrice>
      <UnitOfMeasurePrice>12.64</UnitOfMeasurePrice>
      <AllowDiscount>1</AllowDiscount>
      <itemStatus>1</itemStatus>
      <LastUpdateDate />
      <LastUpdateTime />
    </Product>
    <Product>
      <PriceUpdateDate>2020/01/06 13:32</PriceUpdateDate>
      <ItemCode>7290112499691</ItemCode>
      <ItemType>1</ItemType>
      <ItemName>מאגדת  מגנום לבן שקדים  מיני שטראוס</ItemName>
      <ManufactureName>גלידות שטראוס בעמ</ManufactureName>
      <ManufactureCountry />
      <ManufactureItemDescription />
      <UnitQty>י"ח</UnitQty>
      <Quantity>280</Quantity>
      <UnitMeasure>ל  גרם</UnitMeasure>
      <BisWeighted>0</BisWeighted>
      <QtyInPackage>1</QtyInPackage>
      <ItemPrice>27.90</ItemPrice>
      <UnitOfMeasurePrice>9.96</UnitOfMeasurePrice>
      <AllowDiscount>0</AllowDiscount>
      <itemStatus>1</itemStatus>
      <LastUpdateDate />
      <LastUpdateTime />
    </Product>
    <Product>
      <PriceUpdateDate>2020/02/16 12:43</PriceUpdateDate>
      <ItemCode>7290112499707</ItemCode>
      <ItemType>1</ItemType>
      <ItemName>סולרו בר עם תות בציפוי שוקולד לבן</ItemName>
      <ManufactureName>גלידות שטראוס בעמ</ManufactureName>
      <ManufactureCountry />
      <ManufactureItemDescription />
      <UnitQty>י"ח</UnitQty>
      <Quantity>1</Quantity>
      <UnitMeasure>י"ח</UnitMeasure>
      <BisWeighted>0</BisWeighted>
      <QtyInPackage>1</QtyInPackage>
      <ItemPrice>11.90</ItemPrice>
      <UnitOfMeasurePrice>11.90</UnitOfMeasurePrice>
      <AllowDiscount>1</AllowDiscount>
      <itemStatus>1</itemStatus>
      <LastUpdateDate />
      <LastUpdateTime />
    </Product>
    <Product>
      <PriceUpdateDate>2020/02/16 09:19</PriceUpdateDate>
      <ItemCode>7290112499738</ItemCode>
      <ItemType>1</ItemType>
      <ItemName>שלגון  מלון</ItemName>
      <ManufactureName>גלידות שטראוס בעמ</ManufactureName>
      <ManufactureCountry />
      <ManufactureItemDescription />
      <UnitQty>י"ח</UnitQty>
      <Quantity>1</Quantity>
      <UnitMeasure />
      <BisWeighted>0</BisWeighted>
      <QtyInPackage>1</QtyInPackage>
      <ItemPrice>6.90</ItemPrice>
      <UnitOfMeasurePrice>6.90</UnitOfMeasurePrice>
      <AllowDiscount>1</AllowDiscount>
      <itemStatus>1</itemStatus>
      <LastUpdateDate />
      <LastUpdateTime />
    </Product>
    <Product>
      <PriceUpdateDate>2020/02/16 12:43</PriceUpdateDate>
      <ItemCode>7290112499745</ItemCode>
      <ItemType>1</ItemType>
      <ItemName>מגנום קרמל מלוח כש"ל</ItemName>
      <ManufactureName>גלידות שטראוס בעמ</ManufactureName>
      <ManufactureCountry />
      <ManufactureItemDescription />
      <UnitQty>י"ח</UnitQty>
      <Quantity>90</Quantity>
      <UnitMeasure>ל  גרם</UnitMeasure>
      <BisWeighted>0</BisWeighted>
      <QtyInPackage>1</QtyInPackage>
      <ItemPrice>10</ItemPrice>
      <UnitOfMeasurePrice>11.11</UnitOfMeasurePrice>
      <AllowDiscount>1</AllowDiscount>
      <itemStatus>1</itemStatus>
      <LastUpdateDate />
      <LastUpdateTime />
    </Product>
    <Product>
      <PriceUpdateDate>2020/01/06 13:32</PriceUpdateDate>
      <ItemCode>7290112499752</ItemCode>
      <ItemType>1</ItemType>
      <ItemName>קרמיסימו אייס מוקצינו  665ג</ItemName>
      <ManufactureName>גלידות שטראוס בעמ</ManufactureName>
      <ManufactureCountry />
      <ManufactureItemDescription />
      <UnitQty>י"ח</UnitQty>
      <Quantity>665</Quantity>
      <UnitMeasure>ל  גרם</UnitMeasure>
      <BisWeighted>0</BisWeighted>
      <QtyInPackage>1</QtyInPackage>
      <ItemPrice>18.90</ItemPrice>
      <UnitOfMeasurePrice>2.84</UnitOfMeasurePrice>
      <AllowDiscount>0</AllowDiscount>
      <itemStatus>1</itemStatus>
      <LastUpdateDate />
      <LastUpdateTime />
    </Product>
    <Product>
      <PriceUpdateDate>2020/03/11 11:14</PriceUpdateDate>
      <ItemCode>7290112499769</ItemCode>
      <ItemType>1</ItemType>
      <ItemName>גלידונית אייסקפה 60 יח שטראוס</ItemName>
      <ManufactureName>גלידות שטראוס בעמ</ManufactureName>
      <ManufactureCountry />
      <ManufactureItemDescription />
      <UnitQty>י"ח</UnitQty>
      <Quantity>746</Quantity>
      <UnitMeasure>ל  גרם</UnitMeasure>
      <BisWeighted>0</BisWeighted>
      <QtyInPackage>1</QtyInPackage>
      <ItemPrice>48.50</ItemPrice>
      <UnitOfMeasurePrice>6.50</UnitOfMeasurePrice>
      <AllowDiscount>0</AllowDiscount>
      <itemStatus>1</itemStatus>
      <LastUpdateDate />
      <LastUpdateTime />
    </Product>
    <Product>
      <PriceUpdateDate>2020/02/16 12:43</PriceUpdateDate>
      <ItemCode>7290112499837</ItemCode>
      <ItemType>1</ItemType>
      <ItemName>מגנום דואט שוקולד עם נוגט</ItemName>
      <ManufactureName>גלידות שטראוס בעמ</ManufactureName>
      <ManufactureCountry />
      <ManufactureItemDescription />
      <UnitQty>י"ח</UnitQty>
      <Quantity>90</Quantity>
      <UnitMeasure>ל  גרם</UnitMeasure>
      <BisWeighted>0</BisWeighted>
      <QtyInPackage>1</QtyInPackage>
      <ItemPrice>10</ItemPrice>
      <UnitOfMeasurePrice>11.11</UnitOfMeasurePrice>
      <AllowDiscount>1</AllowDiscount>
      <itemStatus>1</itemStatus>
      <LastUpdateDate />
      <LastUpdateTime />
    </Product>
    <Product>
      <PriceUpdateDate>2020/01/06 13:32</PriceUpdateDate>
      <ItemCode>7290112499844</ItemCode>
      <ItemType>1</ItemType>
      <ItemName>מאגדת  מגנום נוגט  מיני שטראוס</ItemName>
      <ManufactureName>גלידות שטראוס בעמ</ManufactureName>
      <ManufactureCountry />
      <ManufactureItemDescription />
      <UnitQty>י"ח</UnitQty>
      <Quantity>280</Quantity>
      <UnitMeasure>ל  גרם</UnitMeasure>
      <BisWeighted>0</BisWeighted>
      <QtyInPackage>1</QtyInPackage>
      <ItemPrice>27.90</ItemPrice>
      <UnitOfMeasurePrice>9.96</UnitOfMeasurePrice>
      <AllowDiscount>0</AllowDiscount>
      <itemStatus>1</itemStatus>
      <LastUpdateDate />
      <LastUpdateTime />
    </Product>
    <Product>
      <PriceUpdateDate>2020/03/11 11:14</PriceUpdateDate>
      <ItemCode>7290112499882</ItemCode>
      <ItemType>1</ItemType>
      <ItemName>קורנטו קליק טעם וניל</ItemName>
      <ManufactureName>גלידות שטראוס בעמ</ManufactureName>
      <ManufactureCountry />
      <ManufactureItemDescription />
      <UnitQty>י"ח</UnitQty>
      <Quantity>70</Quantity>
      <UnitMeasure>ל  גרם</UnitMeasure>
      <BisWeighted>0</BisWeighted>
      <QtyInPackage>1</QtyInPackage>
      <ItemPrice>8.90</ItemPrice>
      <UnitOfMeasurePrice>12.71</UnitOfMeasurePrice>
      <AllowDiscount>1</AllowDiscount>
      <itemStatus>1</itemStatus>
      <LastUpdateDate />
      <LastUpdateTime />
    </Product>
    <Product>
      <PriceUpdateDate>2020/03/11 11:14</PriceUpdateDate>
      <ItemCode>7290112499899</ItemCode>
      <ItemType>1</ItemType>
      <ItemName>קורנטו קליק טעם בראוניז</ItemName>
      <ManufactureName>גלידות שטראוס בעמ</ManufactureName>
      <ManufactureCountry />
      <ManufactureItemDescription />
      <UnitQty>י"ח</UnitQty>
      <Quantity>70</Quantity>
      <UnitMeasure>ל  גרם</UnitMeasure>
      <BisWeighted>0</BisWeighted>
      <QtyInPackage>1</QtyInPackage>
      <ItemPrice>8.90</ItemPrice>
      <UnitOfMeasurePrice>12.71</UnitOfMeasurePrice>
      <AllowDiscount>1</AllowDiscount>
      <itemStatus>1</itemStatus>
      <LastUpdateDate />
      <LastUpdateTime />
    </Product>
    <Product>
      <PriceUpdateDate>2020/02/16 12:43</PriceUpdateDate>
      <ItemCode>7290112499929</ItemCode>
      <ItemType>1</ItemType>
      <ItemName>מגנום שוקולד</ItemName>
      <ManufactureName>גלידות שטראוס בעמ</ManufactureName>
      <ManufactureCountry />
      <ManufactureItemDescription />
      <UnitQty>י"ח</UnitQty>
      <Quantity>90</Quantity>
      <UnitMeasure>ל  גרם</UnitMeasure>
      <BisWeighted>0</BisWeighted>
      <QtyInPackage>1</QtyInPackage>
      <ItemPrice>10</ItemPrice>
      <UnitOfMeasurePrice>11.11</UnitOfMeasurePrice>
      <AllowDiscount>1</AllowDiscount>
      <itemStatus>1</itemStatus>
      <LastUpdateDate />
      <LastUpdateTime />
    </Product>
    <Product>
      <PriceUpdateDate>2020/01/06 13:32</PriceUpdateDate>
      <ItemCode>7290112499943</ItemCode>
      <ItemType>1</ItemType>
      <ItemName>מאגדת  מגנום קלאסיק שוקולד  מיני</ItemName>
      <ManufactureName>גלידות שטראוס בעמ</ManufactureName>
      <ManufactureCountry />
      <ManufactureItemDescription />
      <UnitQty>י"ח</UnitQty>
      <Quantity>280</Quantity>
      <UnitMeasure>ל  גרם</UnitMeasure>
      <BisWeighted>0</BisWeighted>
      <QtyInPackage>1</QtyInPackage>
      <ItemPrice>27.90</ItemPrice>
      <UnitOfMeasurePrice>9.96</UnitOfMeasurePrice>
      <AllowDiscount>0</AllowDiscount>
      <itemStatus>1</itemStatus>
      <LastUpdateDate />
      <LastUpdateTime />
    </Product>
    <Product>
      <PriceUpdateDate>2019/02/28 11:01</PriceUpdateDate>
      <ItemCode>7290112870209</ItemCode>
      <ItemType>1</ItemType>
      <ItemName>בני דרום שום כתוש צנצנת 200גר</ItemName>
      <ManufactureName>קפוא זן תעשיות מזון בעמ</ManufactureName>
      <ManufactureCountry />
      <ManufactureItemDescription />
      <UnitQty>י"ח</UnitQty>
      <Quantity>200</Quantity>
      <UnitMeasure>ל  גרם</UnitMeasure>
      <BisWeighted>0</BisWeighted>
      <QtyInPackage>1</QtyInPackage>
      <ItemPrice>13.90</ItemPrice>
      <UnitOfMeasurePrice>6.95</UnitOfMeasurePrice>
      <AllowDiscount>0</AllowDiscount>
      <itemStatus>1</itemStatus>
      <LastUpdateDate />
      <LastUpdateTime />
    </Product>
    <Product>
      <PriceUpdateDate>2019/02/25 08:38</PriceUpdateDate>
      <ItemCode>7290112960832</ItemCode>
      <ItemType>1</ItemType>
      <ItemName>קוקילידה כשל"פ</ItemName>
      <ManufactureName>נגה גלידות</ManufactureName>
      <ManufactureCountry />
      <ManufactureItemDescription />
      <UnitQty>י"ח</UnitQty>
      <Quantity>1</Quantity>
      <UnitMeasure />
      <BisWeighted>0</BisWeighted>
      <QtyInPackage>1</QtyInPackage>
      <ItemPrice>11.90</ItemPrice>
      <UnitOfMeasurePrice>11.90</UnitOfMeasurePrice>
      <AllowDiscount>1</AllowDiscount>
      <itemStatus>1</itemStatus>
      <LastUpdateDate />
      <LastUpdateTime />
    </Product>
    <Product>
      <PriceUpdateDate>2019/02/28 11:06</PriceUpdateDate>
      <ItemCode>7290112960856</ItemCode>
      <ItemType>1</ItemType>
      <ItemName>אקסטרים מטבע שוק. חלב וריבת חלב</ItemName>
      <ManufactureName>נגה גלידות</ManufactureName>
      <ManufactureCountry />
      <ManufactureItemDescription />
      <UnitQty>י"ח</UnitQty>
      <Quantity>115</Quantity>
      <UnitMeasure>ל  גרם</UnitMeasure>
      <BisWeighted>0</BisWeighted>
      <QtyInPackage>1</QtyInPackage>
      <ItemPrice>12.90</ItemPrice>
      <UnitOfMeasurePrice>11.22</UnitOfMeasurePrice>
      <AllowDiscount>1</AllowDiscount>
      <itemStatus>1</itemStatus>
      <LastUpdateDate />
      <LastUpdateTime />
    </Product>
    <Product>
      <PriceUpdateDate>2019/04/15 09:52</PriceUpdateDate>
      <ItemCode>7290112960955</ItemCode>
      <ItemType>1</ItemType>
      <ItemName>בונג ור ולתנור בצק שמרים כוסמין 530ג</ItemName>
      <ManufactureName>קבוצת אוסם סחר-שות.מוגבלת</ManufactureName>
      <ManufactureCountry />
      <ManufactureItemDescription />
      <UnitQty>י"ח</UnitQty>
      <Quantity>530</Quantity>
      <UnitMeasure>ל  גרם</UnitMeasure>
      <BisWeighted>0</BisWeighted>
      <QtyInPackage>1</QtyInPackage>
      <ItemPrice>15.90</ItemPrice>
      <UnitOfMeasurePrice>3</UnitOfMeasurePrice>
      <AllowDiscount>1</AllowDiscount>
      <itemStatus>1</itemStatus>
      <LastUpdateDate />
      <LastUpdateTime />
    </Product>
    <Product>
      <PriceUpdateDate>2019/01/28 09:00</PriceUpdateDate>
      <ItemCode>7290112961372</ItemCode>
      <ItemType>1</ItemType>
      <ItemName>פיטנס חטיפי פריכיות דקות 60גר</ItemName>
      <ManufactureName>קבוצת אוסם סחר-שות.מוגבלת</ManufactureName>
      <ManufactureCountry />
      <ManufactureItemDescription />
      <UnitQty>י"ח</UnitQty>
      <Quantity>60</Quantity>
      <UnitMeasure>ל  גרם</UnitMeasure>
      <BisWeighted>0</BisWeighted>
      <QtyInPackage>1</QtyInPackage>
      <ItemPrice>8.90</ItemPrice>
      <UnitOfMeasurePrice>14.83</UnitOfMeasurePrice>
      <AllowDiscount>1</AllowDiscount>
      <itemStatus>1</itemStatus>
      <LastUpdateDate />
      <LastUpdateTime />
    </Product>
    <Product>
      <PriceUpdateDate>2019/01/28 09:00</PriceUpdateDate>
      <ItemCode>7290112961464</ItemCode>
      <ItemType>1</ItemType>
      <ItemName>פיטנס חטיפי פריכיות דקות 60גר</ItemName>
      <ManufactureName>קבוצת אוסם סחר-שות.מוגבלת</ManufactureName>
      <ManufactureCountry />
      <ManufactureItemDescription />
      <UnitQty>י"ח</UnitQty>
      <Quantity>60</Quantity>
      <UnitMeasure>ל  גרם</UnitMeasure>
      <BisWeighted>0</BisWeighted>
      <QtyInPackage>1</QtyInPackage>
      <ItemPrice>8.90</ItemPrice>
      <UnitOfMeasurePrice>14.83</UnitOfMeasurePrice>
      <AllowDiscount>1</AllowDiscount>
      <itemStatus>1</itemStatus>
      <LastUpdateDate />
      <LastUpdateTime />
    </Product>
    <Product>
      <PriceUpdateDate>2019/01/16 12:38</PriceUpdateDate>
      <ItemCode>7290112961754</ItemCode>
      <ItemType>1</ItemType>
      <ItemName>עוגיות  שוקוציפס קרם אגוזים אוסם</ItemName>
      <ManufactureName>קבוצת אוסם סחר-שות.מוגבלת</ManufactureName>
      <ManufactureCountry />
      <ManufactureItemDescription />
      <UnitQty>י"ח</UnitQty>
      <Quantity>200</Quantity>
      <UnitMeasure>ל  גרם</UnitMeasure>
      <BisWeighted>0</BisWeighted>
      <QtyInPackage>1</QtyInPackage>
      <ItemPrice>11.90</ItemPrice>
      <UnitOfMeasurePrice>5.95</UnitOfMeasurePrice>
      <AllowDiscount>0</AllowDiscount>
      <itemStatus>1</itemStatus>
      <LastUpdateDate />
      <LastUpdateTime />
    </Product>
    <Product>
      <PriceUpdateDate>2019/01/13 11:56</PriceUpdateDate>
      <ItemCode>7290112961808</ItemCode>
      <ItemType>1</ItemType>
      <ItemName>מאגדת מיני קראנץ וניל 6*55ג</ItemName>
      <ManufactureName>נגה גלידות</ManufactureName>
      <ManufactureCountry />
      <ManufactureItemDescription />
      <UnitQty>י"ח</UnitQty>
      <Quantity>275</Quantity>
      <UnitMeasure>ל  גרם</UnitMeasure>
      <BisWeighted>0</BisWeighted>
      <QtyInPackage>1</QtyInPackage>
      <ItemPrice>28.90</ItemPrice>
      <UnitOfMeasurePrice>10.51</UnitOfMeasurePrice>
      <AllowDiscount>0</AllowDiscount>
      <itemStatus>1</itemStatus>
      <LastUpdateDate />
      <LastUpdateTime />
    </Product>
    <Product>
      <PriceUpdateDate>2019/01/13 11:56</PriceUpdateDate>
      <ItemCode>7290112962003</ItemCode>
      <ItemType>1</ItemType>
      <ItemName>קראנץ וניל עוגיות  90ג</ItemName>
      <ManufactureName>נגה גלידות</ManufactureName>
      <ManufactureCountry />
      <ManufactureItemDescription />
      <UnitQty>י"ח</UnitQty>
      <Quantity>90</Quantity>
      <UnitMeasure>ל  גרם</UnitMeasure>
      <BisWeighted>0</BisWeighted>
      <QtyInPackage>1</QtyInPackage>
      <ItemPrice>11.90</ItemPrice>
      <UnitOfMeasurePrice>13.22</UnitOfMeasurePrice>
      <AllowDiscount>1</AllowDiscount>
      <itemStatus>1</itemStatus>
      <LastUpdateDate />
      <LastUpdateTime />
    </Product>
    <Product>
      <PriceUpdateDate>2019/01/28 09:00</PriceUpdateDate>
      <ItemCode>7290112962201</ItemCode>
      <ItemType>1</ItemType>
      <ItemName>חציל בטעם כבד מלך הסלטים 400גר</ItemName>
      <ManufactureName>קבוצת אוסם סחר-שות.מוגבלת</ManufactureName>
      <ManufactureCountry />
      <ManufactureItemDescription />
      <UnitQty>י"ח</UnitQty>
      <Quantity>400</Quantity>
      <UnitMeasure>ל  גרם</UnitMeasure>
      <BisWeighted>0</BisWeighted>
      <QtyInPackage>1</QtyInPackage>
      <ItemPrice>15.90</ItemPrice>
      <UnitOfMeasurePrice>3.98</UnitOfMeasurePrice>
      <AllowDiscount>0</AllowDiscount>
      <itemStatus>1</itemStatus>
      <LastUpdateDate />
      <LastUpdateTime />
    </Product>
    <Product>
      <PriceUpdateDate>2020/01/20 09:39</PriceUpdateDate>
      <ItemCode>7290112962287</ItemCode>
      <ItemType>1</ItemType>
      <ItemName>טבעול שווארמה טבעונית  450גר</ItemName>
      <ManufactureName>קבוצת אוסם סחר-שות.מוגבלת</ManufactureName>
      <ManufactureCountry />
      <ManufactureItemDescription />
      <UnitQty>י"ח</UnitQty>
      <Quantity>500</Quantity>
      <UnitMeasure>ל  גרם</UnitMeasure>
      <BisWeighted>0</BisWeighted>
      <QtyInPackage>1</QtyInPackage>
      <ItemPrice>31.90</ItemPrice>
      <UnitOfMeasurePrice>6.38</UnitOfMeasurePrice>
      <AllowDiscount>1</AllowDiscount>
      <itemStatus>1</itemStatus>
      <LastUpdateDate />
      <LastUpdateTime />
    </Product>
    <Product>
      <PriceUpdateDate>2019/02/20 08:48</PriceUpdateDate>
      <ItemCode>7290112962652</ItemCode>
      <ItemType>1</ItemType>
      <ItemName>מרק טעם עוף 800גר}אסם{ כשל"פ</ItemName>
      <ManufactureName>קבוצת אוסם סחר-שות.מוגבלת</ManufactureName>
      <ManufactureCountry />
      <ManufactureItemDescription />
      <UnitQty>י"ח</UnitQty>
      <Quantity>800</Quantity>
      <UnitMeasure>ל  גרם</UnitMeasure>
      <BisWeighted>0</BisWeighted>
      <QtyInPackage>1</QtyInPackage>
      <ItemPrice>13.90</ItemPrice>
      <UnitOfMeasurePrice>1.74</UnitOfMeasurePrice>
      <AllowDiscount>0</AllowDiscount>
      <itemStatus>1</itemStatus>
      <LastUpdateDate />
      <LastUpdateTime />
    </Product>
    <Product>
      <PriceUpdateDate>2019/02/20 08:48</PriceUpdateDate>
      <ItemCode>7290112962904</ItemCode>
      <ItemType>1</ItemType>
      <ItemName>שקדי מרק  אסם כשל"פ 150גר`</ItemName>
      <ManufactureName>קבוצת אוסם סחר-שות.מוגבלת</ManufactureName>
      <ManufactureCountry />
      <ManufactureItemDescription />
      <UnitQty>י"ח</UnitQty>
      <Quantity>150</Quantity>
      <UnitMeasure>ל  גרם</UnitMeasure>
      <BisWeighted>0</BisWeighted>
      <QtyInPackage>1</QtyInPackage>
      <ItemPrice>8.90</ItemPrice>
      <UnitOfMeasurePrice>5.93</UnitOfMeasurePrice>
      <AllowDiscount>0</AllowDiscount>
      <itemStatus>1</itemStatus>
      <LastUpdateDate />
      <LastUpdateTime />
    </Product>
    <Product>
      <PriceUpdateDate>2019/06/30 14:01</PriceUpdateDate>
      <ItemCode>7290112963895</ItemCode>
      <ItemType>1</ItemType>
      <ItemName>פיטנס חטיפי קרקר דק כפרי 150גר</ItemName>
      <ManufactureName>קבוצת אוסם סחר-שות.מוגבלת</ManufactureName>
      <ManufactureCountry />
      <ManufactureItemDescription />
      <UnitQty>י"ח</UnitQty>
      <Quantity>150</Quantity>
      <UnitMeasure>ל  גרם</UnitMeasure>
      <BisWeighted>0</BisWeighted>
      <QtyInPackage>1</QtyInPackage>
      <ItemPrice>11.90</ItemPrice>
      <UnitOfMeasurePrice>7.93</UnitOfMeasurePrice>
      <AllowDiscount>1</AllowDiscount>
      <itemStatus>1</itemStatus>
      <LastUpdateDate />
      <LastUpdateTime />
    </Product>
    <Product>
      <PriceUpdateDate>2019/06/30 14:01</PriceUpdateDate>
      <ItemCode>7290112963918</ItemCode>
      <ItemType>1</ItemType>
      <ItemName>פיטנס חטיפי קרקר דק רוזמרין 140גר</ItemName>
      <ManufactureName>קבוצת אוסם סחר-שות.מוגבלת</ManufactureName>
      <ManufactureCountry />
      <ManufactureItemDescription />
      <UnitQty>י"ח</UnitQty>
      <Quantity>140</Quantity>
      <UnitMeasure>ל  גרם</UnitMeasure>
      <BisWeighted>0</BisWeighted>
      <QtyInPackage>1</QtyInPackage>
      <ItemPrice>11.90</ItemPrice>
      <UnitOfMeasurePrice>8.50</UnitOfMeasurePrice>
      <AllowDiscount>1</AllowDiscount>
      <itemStatus>1</itemStatus>
      <LastUpdateDate />
      <LastUpdateTime />
    </Product>
    <Product>
      <PriceUpdateDate>2019/05/16 13:57</PriceUpdateDate>
      <ItemCode>7290112964601</ItemCode>
      <ItemType>1</ItemType>
      <ItemName>רוטב בנוסח סצואן  290מ"ל</ItemName>
      <ManufactureName>קבוצת אוסם סחר-שות.מוגבלת</ManufactureName>
      <ManufactureCountry />
      <ManufactureItemDescription />
      <UnitQty>י"ח</UnitQty>
      <Quantity>290</Quantity>
      <UnitMeasure>ל  גרם</UnitMeasure>
      <BisWeighted>0</BisWeighted>
      <QtyInPackage>1</QtyInPackage>
      <ItemPrice>13.90</ItemPrice>
      <UnitOfMeasurePrice>4.79</UnitOfMeasurePrice>
      <AllowDiscount>1</AllowDiscount>
      <itemStatus>1</itemStatus>
      <LastUpdateDate />
      <LastUpdateTime />
    </Product>
    <Product>
      <PriceUpdateDate>2019/06/30 11:38</PriceUpdateDate>
      <ItemCode>7290112965127</ItemCode>
      <ItemType>1</ItemType>
      <ItemName>מנה חמה קוסקוס עגבניות מוקרם 66גר</ItemName>
      <ManufactureName>קבוצת אוסם סחר-שות.מוגבלת</ManufactureName>
      <ManufactureCountry />
      <ManufactureItemDescription />
      <UnitQty>י"ח</UnitQty>
      <Quantity>66</Quantity>
      <UnitMeasure>ל  גרם</UnitMeasure>
      <BisWeighted>0</BisWeighted>
      <QtyInPackage>1</QtyInPackage>
      <ItemPrice>5.90</ItemPrice>
      <UnitOfMeasurePrice>8.94</UnitOfMeasurePrice>
      <AllowDiscount>0</AllowDiscount>
      <itemStatus>1</itemStatus>
      <LastUpdateDate />
      <LastUpdateTime />
    </Product>
    <Product>
      <PriceUpdateDate>2019/12/25 12:16</PriceUpdateDate>
      <ItemCode>7290112965226</ItemCode>
      <ItemType>1</ItemType>
      <ItemName>חמים וטעים אורז סיני עם נודלס 130גר</ItemName>
      <ManufactureName>קבוצת אוסם סחר-שות.מוגבלת</ManufactureName>
      <ManufactureCountry />
      <ManufactureItemDescription />
      <UnitQty>י"ח</UnitQty>
      <Quantity>130</Quantity>
      <UnitMeasure>ל  גרם</UnitMeasure>
      <BisWeighted>0</BisWeighted>
      <QtyInPackage>1</QtyInPackage>
      <ItemPrice>11.90</ItemPrice>
      <UnitOfMeasurePrice>9.15</UnitOfMeasurePrice>
      <AllowDiscount>0</AllowDiscount>
      <itemStatus>1</itemStatus>
      <LastUpdateDate />
      <LastUpdateTime />
    </Product>
    <Product>
      <PriceUpdateDate>2019/12/26 08:50</PriceUpdateDate>
      <ItemCode>7290112965622</ItemCode>
      <ItemType>1</ItemType>
      <ItemName>חטיפי קרקר במליחות מעודנת 300גר`</ItemName>
      <ManufactureName>קבוצת אוסם סחר-שות.מוגבלת</ManufactureName>
      <ManufactureCountry />
      <ManufactureItemDescription />
      <UnitQty>י"ח</UnitQty>
      <Quantity>300</Quantity>
      <UnitMeasure>ל  גרם</UnitMeasure>
      <BisWeighted>0</BisWeighted>
      <QtyInPackage>1</QtyInPackage>
      <ItemPrice>11.90</ItemPrice>
      <UnitOfMeasurePrice>3.97</UnitOfMeasurePrice>
      <AllowDiscount>1</AllowDiscount>
      <itemStatus>1</itemStatus>
      <LastUpdateDate />
      <LastUpdateTime />
    </Product>
    <Product>
      <PriceUpdateDate>2019/12/26 08:50</PriceUpdateDate>
      <ItemCode>7290112965868</ItemCode>
      <ItemType>1</ItemType>
      <ItemName>קרם קרקר במליחות מעודנת 250גר</ItemName>
      <ManufactureName>קבוצת אוסם סחר-שות.מוגבלת</ManufactureName>
      <ManufactureCountry />
      <ManufactureItemDescription />
      <UnitQty>י"ח</UnitQty>
      <Quantity>250</Quantity>
      <UnitMeasure>ל  גרם</UnitMeasure>
      <BisWeighted>0</BisWeighted>
      <QtyInPackage>1</QtyInPackage>
      <ItemPrice>9</ItemPrice>
      <UnitOfMeasurePrice>3.60</UnitOfMeasurePrice>
      <AllowDiscount>1</AllowDiscount>
      <itemStatus>1</itemStatus>
      <LastUpdateDate />
      <LastUpdateTime />
    </Product>
    <Product>
      <PriceUpdateDate>2019/12/25 06:58</PriceUpdateDate>
      <ItemCode>7290112965905</ItemCode>
      <ItemType>1</ItemType>
      <ItemName>בייגלה שמיניות במליחות 400גרם</ItemName>
      <ManufactureName>קבוצת אוסם סחר-שות.מוגבלת</ManufactureName>
      <ManufactureCountry />
      <ManufactureItemDescription />
      <UnitQty>י"ח</UnitQty>
      <Quantity>500</Quantity>
      <UnitMeasure>ל  גרם</UnitMeasure>
      <BisWeighted>0</BisWeighted>
      <QtyInPackage>1</QtyInPackage>
      <ItemPrice>10.90</ItemPrice>
      <UnitOfMeasurePrice>2.18</UnitOfMeasurePrice>
      <AllowDiscount>0</AllowDiscount>
      <itemStatus>1</itemStatus>
      <LastUpdateDate />
      <LastUpdateTime />
    </Product>
    <Product>
      <PriceUpdateDate>2019/12/26 08:50</PriceUpdateDate>
      <ItemCode>7290112966094</ItemCode>
      <ItemType>1</ItemType>
      <ItemName>עוגת הבית תפוז מופחת סוכר 400גר</ItemName>
      <ManufactureName>קבוצת אוסם סחר-שות.מוגבלת</ManufactureName>
      <ManufactureCountry />
      <ManufactureItemDescription />
      <UnitQty>י"ח</UnitQty>
      <Quantity>400</Quantity>
      <UnitMeasure>ל  גרם</UnitMeasure>
      <BisWeighted>0</BisWeighted>
      <QtyInPackage>1</QtyInPackage>
      <ItemPrice>12.90</ItemPrice>
      <UnitOfMeasurePrice>3.23</UnitOfMeasurePrice>
      <AllowDiscount>0</AllowDiscount>
      <itemStatus>1</itemStatus>
      <LastUpdateDate />
      <LastUpdateTime />
    </Product>
    <Product>
      <PriceUpdateDate>2019/12/26 08:50</PriceUpdateDate>
      <ItemCode>7290112966223</ItemCode>
      <ItemType>1</ItemType>
      <ItemName>קרמוגית שוקו במילוי קרם בננה 200גר</ItemName>
      <ManufactureName>קבוצת אוסם סחר-שות.מוגבלת</ManufactureName>
      <ManufactureCountry />
      <ManufactureItemDescription />
      <UnitQty>י"ח</UnitQty>
      <Quantity>200</Quantity>
      <UnitMeasure>ל  גרם</UnitMeasure>
      <BisWeighted>0</BisWeighted>
      <QtyInPackage>1</QtyInPackage>
      <ItemPrice>11.90</ItemPrice>
      <UnitOfMeasurePrice>5.95</UnitOfMeasurePrice>
      <AllowDiscount>0</AllowDiscount>
      <itemStatus>1</itemStatus>
      <LastUpdateDate />
      <LastUpdateTime />
    </Product>
    <Product>
      <PriceUpdateDate>2019/11/19 15:53</PriceUpdateDate>
      <ItemCode>7290112966506</ItemCode>
      <ItemType>1</ItemType>
      <ItemName>קוקטייל זיתים]בית השיטה[</ItemName>
      <ManufactureName>קבוצת אוסם סחר-שות.מוגבלת</ManufactureName>
      <ManufactureCountry />
      <ManufactureItemDescription />
      <UnitQty>י"ח</UnitQty>
      <Quantity>560</Quantity>
      <UnitMeasure>ל  גרם</UnitMeasure>
      <BisWeighted>0</BisWeighted>
      <QtyInPackage>1</QtyInPackage>
      <ItemPrice>10.90</ItemPrice>
      <UnitOfMeasurePrice>1.95</UnitOfMeasurePrice>
      <AllowDiscount>0</AllowDiscount>
      <itemStatus>1</itemStatus>
      <LastUpdateDate />
      <LastUpdateTime />
    </Product>
    <Product>
      <PriceUpdateDate>2019/12/25 06:58</PriceUpdateDate>
      <ItemCode>7290112966803</ItemCode>
      <ItemType>1</ItemType>
      <ItemName>פודינג  שוקולד 88 ג אסם</ItemName>
      <ManufactureName>קבוצת אוסם סחר-שות.מוגבלת</ManufactureName>
      <ManufactureCountry />
      <ManufactureItemDescription />
      <UnitQty>י"ח</UnitQty>
      <Quantity>88</Quantity>
      <UnitMeasure>ל  גרם</UnitMeasure>
      <BisWeighted>0</BisWeighted>
      <QtyInPackage>1</QtyInPackage>
      <ItemPrice>5</ItemPrice>
      <UnitOfMeasurePrice>5.68</UnitOfMeasurePrice>
      <AllowDiscount>1</AllowDiscount>
      <itemStatus>1</itemStatus>
      <LastUpdateDate />
      <LastUpdateTime />
    </Product>
    <Product>
      <PriceUpdateDate>2019/12/25 06:58</PriceUpdateDate>
      <ItemCode>7290112967138</ItemCode>
      <ItemType>1</ItemType>
      <ItemName>בייגל שמיניה  ללא גלוטן 250גרם</ItemName>
      <ManufactureName>קבוצת אוסם סחר-שות.מוגבלת</ManufactureName>
      <ManufactureCountry />
      <ManufactureItemDescription />
      <UnitQty>י"ח</UnitQty>
      <Quantity>250</Quantity>
      <UnitMeasure>ל  גרם</UnitMeasure>
      <BisWeighted>0</BisWeighted>
      <QtyInPackage>1</QtyInPackage>
      <ItemPrice>11.90</ItemPrice>
      <UnitOfMeasurePrice>4.76</UnitOfMeasurePrice>
      <AllowDiscount>0</AllowDiscount>
      <itemStatus>1</itemStatus>
      <LastUpdateDate />
      <LastUpdateTime />
    </Product>
    <Product>
      <PriceUpdateDate>2020/02/23 11:14</PriceUpdateDate>
      <ItemCode>7290112967404</ItemCode>
      <ItemType>1</ItemType>
      <ItemName>רוטב לסלט אלף האיים 290מ"ל כשל"פ</ItemName>
      <ManufactureName>קבוצת אוסם סחר-שות.מוגבלת</ManufactureName>
      <ManufactureCountry />
      <ManufactureItemDescription />
      <UnitQty>י"ח</UnitQty>
      <Quantity>290</Quantity>
      <UnitMeasure>ל  מ"ל</UnitMeasure>
      <BisWeighted>0</BisWeighted>
      <QtyInPackage>1</QtyInPackage>
      <ItemPrice>10.90</ItemPrice>
      <UnitOfMeasurePrice>3.76</UnitOfMeasurePrice>
      <AllowDiscount>1</AllowDiscount>
      <itemStatus>1</itemStatus>
      <LastUpdateDate />
      <LastUpdateTime />
    </Product>
    <Product>
      <PriceUpdateDate>2020/02/23 11:14</PriceUpdateDate>
      <ItemCode>7290112967428</ItemCode>
      <ItemType>1</ItemType>
      <ItemName>רוטב לסלט שום 290מ"ל כשל"פ</ItemName>
      <ManufactureName>קבוצת אוסם סחר-שות.מוגבלת</ManufactureName>
      <ManufactureCountry />
      <ManufactureItemDescription />
      <UnitQty>י"ח</UnitQty>
      <Quantity>290</Quantity>
      <UnitMeasure>ל  מ"ל</UnitMeasure>
      <BisWeighted>0</BisWeighted>
      <QtyInPackage>1</QtyInPackage>
      <ItemPrice>10.90</ItemPrice>
      <UnitOfMeasurePrice>3.76</UnitOfMeasurePrice>
      <AllowDiscount>1</AllowDiscount>
      <itemStatus>1</itemStatus>
      <LastUpdateDate />
      <LastUpdateTime />
    </Product>
    <Product>
      <PriceUpdateDate>2019/12/25 12:16</PriceUpdateDate>
      <ItemCode>7290112967749</ItemCode>
      <ItemType>1</ItemType>
      <ItemName>פרפקטו פסטה נוצ`אולה 500גר</ItemName>
      <ManufactureName>קבוצת אוסם סחר-שות.מוגבלת</ManufactureName>
      <ManufactureCountry />
      <ManufactureItemDescription />
      <UnitQty>י"ח</UnitQty>
      <Quantity>500</Quantity>
      <UnitMeasure>ל  גרם</UnitMeasure>
      <BisWeighted>0</BisWeighted>
      <QtyInPackage>1</QtyInPackage>
      <ItemPrice>6.90</ItemPrice>
      <UnitOfMeasurePrice>1.38</UnitOfMeasurePrice>
      <AllowDiscount>1</AllowDiscount>
      <itemStatus>1</itemStatus>
      <LastUpdateDate />
      <LastUpdateTime />
    </Product>
    <Product>
      <PriceUpdateDate>2020/01/23 09:23</PriceUpdateDate>
      <ItemCode>7290112967978</ItemCode>
      <ItemType>1</ItemType>
      <ItemName>פופקו מלח ים כש"פ 60גר</ItemName>
      <ManufactureName>קבוצת אוסם סחר-שות.מוגבלת</ManufactureName>
      <ManufactureCountry />
      <ManufactureItemDescription />
      <UnitQty>י"ח</UnitQty>
      <Quantity>80</Quantity>
      <UnitMeasure>ל  גרם</UnitMeasure>
      <BisWeighted>0</BisWeighted>
      <QtyInPackage>1</QtyInPackage>
      <ItemPrice>5</ItemPrice>
      <UnitOfMeasurePrice>6.25</UnitOfMeasurePrice>
      <AllowDiscount>1</AllowDiscount>
      <itemStatus>1</itemStatus>
      <LastUpdateDate />
      <LastUpdateTime />
    </Product>
    <Product>
      <PriceUpdateDate>2020/01/23 09:23</PriceUpdateDate>
      <ItemCode>7290112968388</ItemCode>
      <ItemType>1</ItemType>
      <ItemName>צבר חומוס תבלינים 400גר</ItemName>
      <ManufactureName>קבוצת אוסם סחר-שות.מוגבלת</ManufactureName>
      <ManufactureCountry />
      <ManufactureItemDescription />
      <UnitQty>י"ח</UnitQty>
      <Quantity>400</Quantity>
      <UnitMeasure>ל  גרם</UnitMeasure>
      <BisWeighted>0</BisWeighted>
      <QtyInPackage>1</QtyInPackage>
      <ItemPrice>14</ItemPrice>
      <UnitOfMeasurePrice>3.50</UnitOfMeasurePrice>
      <AllowDiscount>0</AllowDiscount>
      <itemStatus>1</itemStatus>
      <LastUpdateDate />
      <LastUpdateTime />
    </Product>
    <Product>
      <PriceUpdateDate>2020/02/04 15:23</PriceUpdateDate>
      <ItemCode>7290112968449</ItemCode>
      <ItemType>1</ItemType>
      <ItemName>צבר סלט כרוב אדום 250גר</ItemName>
      <ManufactureName>קבוצת אוסם סחר-שות.מוגבלת</ManufactureName>
      <ManufactureCountry />
      <ManufactureItemDescription />
      <UnitQty>י"ח</UnitQty>
      <Quantity>250</Quantity>
      <UnitMeasure>ל  גרם</UnitMeasure>
      <BisWeighted>0</BisWeighted>
      <QtyInPackage>1</QtyInPackage>
      <ItemPrice>10.90</ItemPrice>
      <UnitOfMeasurePrice>4.36</UnitOfMeasurePrice>
      <AllowDiscount>0</AllowDiscount>
      <itemStatus>1</itemStatus>
      <LastUpdateDate />
      <LastUpdateTime />
    </Product>
    <Product>
      <PriceUpdateDate>2020/02/04 15:23</PriceUpdateDate>
      <ItemCode>7290112968524</ItemCode>
      <ItemType>1</ItemType>
      <ItemName>צבר סלט חומוס סמיר 250גר</ItemName>
      <ManufactureName>קבוצת אוסם סחר-שות.מוגבלת</ManufactureName>
      <ManufactureCountry />
      <ManufactureItemDescription />
      <UnitQty>י"ח</UnitQty>
      <Quantity>250</Quantity>
      <UnitMeasure>ל  גרם</UnitMeasure>
      <BisWeighted>0</BisWeighted>
      <QtyInPackage>1</QtyInPackage>
      <ItemPrice>10.90</ItemPrice>
      <UnitOfMeasurePrice>4.36</UnitOfMeasurePrice>
      <AllowDiscount>0</AllowDiscount>
      <itemStatus>1</itemStatus>
      <LastUpdateDate />
      <LastUpdateTime />
    </Product>
    <Product>
      <PriceUpdateDate>2020/02/26 09:10</PriceUpdateDate>
      <ItemCode>7290113190443</ItemCode>
      <ItemType>1</ItemType>
      <ItemName>חרוסת 250ג שקדיה</ItemName>
      <ManufactureName>דין שיווק וקליהבעמ</ManufactureName>
      <ManufactureCountry />
      <ManufactureItemDescription />
      <UnitQty>י"ח</UnitQty>
      <Quantity>250</Quantity>
      <UnitMeasure>ל  גרם</UnitMeasure>
      <BisWeighted>0</BisWeighted>
      <QtyInPackage>1</QtyInPackage>
      <ItemPrice>9.90</ItemPrice>
      <UnitOfMeasurePrice>3.96</UnitOfMeasurePrice>
      <AllowDiscount>0</AllowDiscount>
      <itemStatus>1</itemStatus>
      <LastUpdateDate />
      <LastUpdateTime />
    </Product>
    <Product>
      <PriceUpdateDate>2020/01/07 09:27</PriceUpdateDate>
      <ItemCode>7290113191778</ItemCode>
      <ItemType>1</ItemType>
      <ItemName>פופקורן 1ק``ג זיפר שקדיה</ItemName>
      <ManufactureName>דין שיווק וקליהבעמ</ManufactureName>
      <ManufactureCountry />
      <ManufactureItemDescription />
      <UnitQty>י"ח</UnitQty>
      <Quantity>1</Quantity>
      <UnitMeasure>ק"ג</UnitMeasure>
      <BisWeighted>0</BisWeighted>
      <QtyInPackage>1</QtyInPackage>
      <ItemPrice>10.90</ItemPrice>
      <UnitOfMeasurePrice>10.90</UnitOfMeasurePrice>
      <AllowDiscount>0</AllowDiscount>
      <itemStatus>1</itemStatus>
      <LastUpdateDate />
      <LastUpdateTime />
    </Product>
    <Product>
      <PriceUpdateDate>2020/01/07 09:27</PriceUpdateDate>
      <ItemCode>7290113191785</ItemCode>
      <ItemType>1</ItemType>
      <ItemName>שעועית בובס 1 ק``ג זיפר שקדיה</ItemName>
      <ManufactureName>דין שיווק וקליהבעמ</ManufactureName>
      <ManufactureCountry />
      <ManufactureItemDescription />
      <UnitQty>י"ח</UnitQty>
      <Quantity>1</Quantity>
      <UnitMeasure>ק"ג</UnitMeasure>
      <BisWeighted>0</BisWeighted>
      <QtyInPackage>1</QtyInPackage>
      <ItemPrice>15.90</ItemPrice>
      <UnitOfMeasurePrice>15.90</UnitOfMeasurePrice>
      <AllowDiscount>0</AllowDiscount>
      <itemStatus>1</itemStatus>
      <LastUpdateDate />
      <LastUpdateTime />
    </Product>
    <Product>
      <PriceUpdateDate>2020/01/07 09:27</PriceUpdateDate>
      <ItemCode>7290113191792</ItemCode>
      <ItemType>1</ItemType>
      <ItemName>שעועית מנומרת 1 ק``ג זיפר שקדיה</ItemName>
      <ManufactureName>דין שיווק וקליהבעמ</ManufactureName>
      <ManufactureCountry />
      <ManufactureItemDescription />
      <UnitQty>י"ח</UnitQty>
      <Quantity>1</Quantity>
      <UnitMeasure>ק"ג</UnitMeasure>
      <BisWeighted>0</BisWeighted>
      <QtyInPackage>1</QtyInPackage>
      <ItemPrice>15.90</ItemPrice>
      <UnitOfMeasurePrice>15.90</UnitOfMeasurePrice>
      <AllowDiscount>0</AllowDiscount>
      <itemStatus>1</itemStatus>
      <LastUpdateDate />
      <LastUpdateTime />
    </Product>
    <Product>
      <PriceUpdateDate>2020/01/20 09:40</PriceUpdateDate>
      <ItemCode>7290113191969</ItemCode>
      <ItemType>1</ItemType>
      <ItemName>חטיף פרוטאין שוקולד חלב 60גר</ItemName>
      <ManufactureName>דין שיווק וקליהבעמ</ManufactureName>
      <ManufactureCountry />
      <ManufactureItemDescription />
      <UnitQty>י"ח</UnitQty>
      <Quantity>60</Quantity>
      <UnitMeasure>ל  גרם</UnitMeasure>
      <BisWeighted>0</BisWeighted>
      <QtyInPackage>1</QtyInPackage>
      <ItemPrice>11.90</ItemPrice>
      <UnitOfMeasurePrice>19.83</UnitOfMeasurePrice>
      <AllowDiscount>0</AllowDiscount>
      <itemStatus>1</itemStatus>
      <LastUpdateDate />
      <LastUpdateTime />
    </Product>
    <Product>
      <PriceUpdateDate>2020/01/20 09:40</PriceUpdateDate>
      <ItemCode>7290113192157</ItemCode>
      <ItemType>1</ItemType>
      <ItemName>אגוז ברזיל קלופיים  150ג שקדיה</ItemName>
      <ManufactureName>דין שיווק וקליהבעמ</ManufactureName>
      <ManufactureCountry />
      <ManufactureItemDescription />
      <UnitQty>י"ח</UnitQty>
      <Quantity>150</Quantity>
      <UnitMeasure>ל  גרם</UnitMeasure>
      <BisWeighted>0</BisWeighted>
      <QtyInPackage>1</QtyInPackage>
      <ItemPrice>15.90</ItemPrice>
      <UnitOfMeasurePrice>10.60</UnitOfMeasurePrice>
      <AllowDiscount>0</AllowDiscount>
      <itemStatus>1</itemStatus>
      <LastUpdateDate />
      <LastUpdateTime />
    </Product>
    <Product>
      <PriceUpdateDate>2020/03/29 15:18</PriceUpdateDate>
      <ItemCode>7290113192324</ItemCode>
      <ItemType>1</ItemType>
      <ItemName>זית ירוק 340גר בית השיטה.</ItemName>
      <ManufactureName>קבוצת אוסם סחר-שות.מוגבלת</ManufactureName>
      <ManufactureCountry />
      <ManufactureItemDescription />
      <UnitQty>י"ח</UnitQty>
      <Quantity>340</Quantity>
      <UnitMeasure>ל  גרם</UnitMeasure>
      <BisWeighted>0</BisWeighted>
      <QtyInPackage>1</QtyInPackage>
      <ItemPrice>8.90</ItemPrice>
      <UnitOfMeasurePrice>2.62</UnitOfMeasurePrice>
      <AllowDiscount>0</AllowDiscount>
      <itemStatus>1</itemStatus>
      <LastUpdateDate />
      <LastUpdateTime />
    </Product>
    <Product>
      <PriceUpdateDate>2020/03/29 15:17</PriceUpdateDate>
      <ItemCode>7290113192997</ItemCode>
      <ItemType>1</ItemType>
      <ItemName>זית מרוקאי 340גר בית השיטה.</ItemName>
      <ManufactureName>קבוצת אוסם סחר-שות.מוגבלת</ManufactureName>
      <ManufactureCountry />
      <ManufactureItemDescription />
      <UnitQty>י"ח</UnitQty>
      <Quantity>720</Quantity>
      <UnitMeasure>ל  גרם</UnitMeasure>
      <BisWeighted>0</BisWeighted>
      <QtyInPackage>1</QtyInPackage>
      <ItemPrice>14.90</ItemPrice>
      <UnitOfMeasurePrice>2.07</UnitOfMeasurePrice>
      <AllowDiscount>0</AllowDiscount>
      <itemStatus>1</itemStatus>
      <LastUpdateDate />
      <LastUpdateTime />
    </Product>
    <Product>
      <PriceUpdateDate>2020/03/29 15:17</PriceUpdateDate>
      <ItemCode>7290113193017</ItemCode>
      <ItemType>1</ItemType>
      <ItemName>בית השיטה קוקטייל זיתים</ItemName>
      <ManufactureName>קבוצת אוסם סחר-שות.מוגבלת</ManufactureName>
      <ManufactureCountry />
      <ManufactureItemDescription />
      <UnitQty>י"ח</UnitQty>
      <Quantity>275</Quantity>
      <UnitMeasure>ל  גרם</UnitMeasure>
      <BisWeighted>0</BisWeighted>
      <QtyInPackage>1</QtyInPackage>
      <ItemPrice>14.90</ItemPrice>
      <UnitOfMeasurePrice>5.42</UnitOfMeasurePrice>
      <AllowDiscount>0</AllowDiscount>
      <itemStatus>1</itemStatus>
      <LastUpdateDate />
      <LastUpdateTime />
    </Product>
    <Product>
      <PriceUpdateDate>2020/02/23 11:14</PriceUpdateDate>
      <ItemCode>7290113193031</ItemCode>
      <ItemType>1</ItemType>
      <ItemName>בית השיטה קוקטייל זיתים</ItemName>
      <ManufactureName>קבוצת אוסם סחר-שות.מוגבלת</ManufactureName>
      <ManufactureCountry />
      <ManufactureItemDescription />
      <UnitQty>י"ח</UnitQty>
      <Quantity>275</Quantity>
      <UnitMeasure>ל  גרם</UnitMeasure>
      <BisWeighted>0</BisWeighted>
      <QtyInPackage>1</QtyInPackage>
      <ItemPrice>13.90</ItemPrice>
      <UnitOfMeasurePrice>5.05</UnitOfMeasurePrice>
      <AllowDiscount>0</AllowDiscount>
      <itemStatus>1</itemStatus>
      <LastUpdateDate />
      <LastUpdateTime />
    </Product>
    <Product>
      <PriceUpdateDate>2020/02/16 09:19</PriceUpdateDate>
      <ItemCode>7290113300125</ItemCode>
      <ItemType>1</ItemType>
      <ItemName>בונזו מקלות בקר 50ג</ItemName>
      <ManufactureName>דיפלומט בעמ</ManufactureName>
      <ManufactureCountry />
      <ManufactureItemDescription />
      <UnitQty>י"ח</UnitQty>
      <Quantity>50</Quantity>
      <UnitMeasure>ל  גרם</UnitMeasure>
      <BisWeighted>0</BisWeighted>
      <QtyInPackage>1</QtyInPackage>
      <ItemPrice>8.90</ItemPrice>
      <UnitOfMeasurePrice>17.80</UnitOfMeasurePrice>
      <AllowDiscount>0</AllowDiscount>
      <itemStatus>1</itemStatus>
      <LastUpdateDate />
      <LastUpdateTime />
    </Product>
    <Product>
      <PriceUpdateDate>2020/02/16 09:19</PriceUpdateDate>
      <ItemCode>7290113300149</ItemCode>
      <ItemType>1</ItemType>
      <ItemName>בונזו מקלות כבש 50ג</ItemName>
      <ManufactureName>דיפלומט בעמ</ManufactureName>
      <ManufactureCountry />
      <ManufactureItemDescription />
      <UnitQty>י"ח</UnitQty>
      <Quantity>50</Quantity>
      <UnitMeasure>ל  גרם</UnitMeasure>
      <BisWeighted>0</BisWeighted>
      <QtyInPackage>1</QtyInPackage>
      <ItemPrice>8.90</ItemPrice>
      <UnitOfMeasurePrice>17.80</UnitOfMeasurePrice>
      <AllowDiscount>0</AllowDiscount>
      <itemStatus>1</itemStatus>
      <LastUpdateDate />
      <LastUpdateTime />
    </Product>
    <Product>
      <PriceUpdateDate>2020/02/16 09:19</PriceUpdateDate>
      <ItemCode>7290113300156</ItemCode>
      <ItemType>1</ItemType>
      <ItemName>בונזו מקלות עוף  50ג</ItemName>
      <ManufactureName>דיפלומט בעמ</ManufactureName>
      <ManufactureCountry />
      <ManufactureItemDescription />
      <UnitQty>י"ח</UnitQty>
      <Quantity>50</Quantity>
      <UnitMeasure>ל  גרם</UnitMeasure>
      <BisWeighted>0</BisWeighted>
      <QtyInPackage>1</QtyInPackage>
      <ItemPrice>8.90</ItemPrice>
      <UnitOfMeasurePrice>17.80</UnitOfMeasurePrice>
      <AllowDiscount>0</AllowDiscount>
      <itemStatus>1</itemStatus>
      <LastUpdateDate />
      <LastUpdateTime />
    </Product>
    <Product>
      <PriceUpdateDate>2019/03/18 10:01</PriceUpdateDate>
      <ItemCode>7290113630017</ItemCode>
      <ItemType>1</ItemType>
      <ItemName>פחם דרום אמריקאי מובחר 4 ק"ג</ItemName>
      <ManufactureName>ח.י. מעדני גורמה בעמ</ManufactureName>
      <ManufactureCountry />
      <ManufactureItemDescription />
      <UnitQty>י"ח</UnitQty>
      <Quantity>2</Quantity>
      <UnitMeasure>ק"ג</UnitMeasure>
      <BisWeighted>0</BisWeighted>
      <QtyInPackage>1</QtyInPackage>
      <ItemPrice>39.90</ItemPrice>
      <UnitOfMeasurePrice>19.95</UnitOfMeasurePrice>
      <AllowDiscount>1</AllowDiscount>
      <itemStatus>1</itemStatus>
      <LastUpdateDate />
      <LastUpdateTime />
    </Product>
    <Product>
      <PriceUpdateDate>2020/04/27 08:19</PriceUpdateDate>
      <ItemCode>7290113630345</ItemCode>
      <ItemType>1</ItemType>
      <ItemName>קבב עגל טלה</ItemName>
      <ManufactureName>ח.י. מעדני גורמה בעמ</ManufactureName>
      <ManufactureCountry />
      <ManufactureItemDescription />
      <UnitQty>י"ח</UnitQty>
      <Quantity>800</Quantity>
      <UnitMeasure>ל  גרם</UnitMeasure>
      <BisWeighted>0</BisWeighted>
      <QtyInPackage>1</QtyInPackage>
      <ItemPrice>64.90</ItemPrice>
      <UnitOfMeasurePrice>8.11</UnitOfMeasurePrice>
      <AllowDiscount>1</AllowDiscount>
      <itemStatus>1</itemStatus>
      <LastUpdateDate />
      <LastUpdateTime />
    </Product>
    <Product>
      <PriceUpdateDate>2020/04/27 08:19</PriceUpdateDate>
      <ItemCode>7290113630888</ItemCode>
      <ItemType>1</ItemType>
      <ItemName>קבב קציצות ביתי ארוז.</ItemName>
      <ManufactureName>ח.י. מעדני גורמה בעמ</ManufactureName>
      <ManufactureCountry />
      <ManufactureItemDescription />
      <UnitQty>י"ח</UnitQty>
      <Quantity>400</Quantity>
      <UnitMeasure>ל  גרם</UnitMeasure>
      <BisWeighted>0</BisWeighted>
      <QtyInPackage>1</QtyInPackage>
      <ItemPrice>56.90</ItemPrice>
      <UnitOfMeasurePrice>14.23</UnitOfMeasurePrice>
      <AllowDiscount>1</AllowDiscount>
      <itemStatus>1</itemStatus>
      <LastUpdateDate />
      <LastUpdateTime />
    </Product>
    <Product>
      <PriceUpdateDate>2019/04/17 17:27</PriceUpdateDate>
      <ItemCode>7290113861497</ItemCode>
      <ItemType>1</ItemType>
      <ItemName>שמן זית מעולה  "הזית"  750מייל</ItemName>
      <ManufactureName>ב מחסני השוק</ManufactureName>
      <ManufactureCountry />
      <ManufactureItemDescription />
      <UnitQty>י"ח</UnitQty>
      <Quantity>1</Quantity>
      <UnitMeasure />
      <BisWeighted>0</BisWeighted>
      <QtyInPackage>1</QtyInPackage>
      <ItemPrice>29.90</ItemPrice>
      <UnitOfMeasurePrice>29.90</UnitOfMeasurePrice>
      <AllowDiscount>1</AllowDiscount>
      <itemStatus>1</itemStatus>
      <LastUpdateDate />
      <LastUpdateTime />
    </Product>
    <Product>
      <PriceUpdateDate>2020/04/27 08:19</PriceUpdateDate>
      <ItemCode>7290114310048</ItemCode>
      <ItemType>1</ItemType>
      <ItemName>קופון ב10% הנחה שוקו 1ל בקבוק</ItemName>
      <ManufactureName>*חברה המרכזית להפצתמשקאותבעמ*</ManufactureName>
      <ManufactureCountry />
      <ManufactureItemDescription />
      <UnitQty>י"ח</UnitQty>
      <Quantity>1</Quantity>
      <UnitMeasure />
      <BisWeighted>0</BisWeighted>
      <QtyInPackage>1</QtyInPackage>
      <ItemPrice>0.01</ItemPrice>
      <UnitOfMeasurePrice>0.01</UnitOfMeasurePrice>
      <AllowDiscount>0</AllowDiscount>
      <itemStatus>1</itemStatus>
      <LastUpdateDate />
      <LastUpdateTime />
    </Product>
    <Product>
      <PriceUpdateDate>2020/04/27 08:19</PriceUpdateDate>
      <ItemCode>7290114310055</ItemCode>
      <ItemType>1</ItemType>
      <ItemName>קופון ב10% הנחה סד נעם מדף</ItemName>
      <ManufactureName>*חברה המרכזית להפצתמשקאותבעמ*</ManufactureName>
      <ManufactureCountry />
      <ManufactureItemDescription />
      <UnitQty>י"ח</UnitQty>
      <Quantity>1</Quantity>
      <UnitMeasure />
      <BisWeighted>0</BisWeighted>
      <QtyInPackage>1</QtyInPackage>
      <ItemPrice>0.01</ItemPrice>
      <UnitOfMeasurePrice>0.01</UnitOfMeasurePrice>
      <AllowDiscount>0</AllowDiscount>
      <itemStatus>1</itemStatus>
      <LastUpdateDate />
      <LastUpdateTime />
    </Product>
    <Product>
      <PriceUpdateDate>2020/04/27 08:19</PriceUpdateDate>
      <ItemCode>7290114310062</ItemCode>
      <ItemType>1</ItemType>
      <ItemName>קופון ב10% הנחה גבינה טוב טעם</ItemName>
      <ManufactureName>*חברה המרכזית להפצתמשקאותבעמ*</ManufactureName>
      <ManufactureCountry />
      <ManufactureItemDescription />
      <UnitQty>י"ח</UnitQty>
      <Quantity>1</Quantity>
      <UnitMeasure />
      <BisWeighted>0</BisWeighted>
      <QtyInPackage>1</QtyInPackage>
      <ItemPrice>0.01</ItemPrice>
      <UnitOfMeasurePrice>0.01</UnitOfMeasurePrice>
      <AllowDiscount>0</AllowDiscount>
      <itemStatus>1</itemStatus>
      <LastUpdateDate />
      <LastUpdateTime />
    </Product>
    <Product>
      <PriceUpdateDate>2020/04/27 08:19</PriceUpdateDate>
      <ItemCode>7290114310079</ItemCode>
      <ItemType>1</ItemType>
      <ItemName>קופון ב10% הנחה סד. גבינת קרם שמנת</ItemName>
      <ManufactureName>*חברה המרכזית להפצתמשקאותבעמ*</ManufactureName>
      <ManufactureCountry />
      <ManufactureItemDescription />
      <UnitQty>י"ח</UnitQty>
      <Quantity>1</Quantity>
      <UnitMeasure />
      <BisWeighted>0</BisWeighted>
      <QtyInPackage>1</QtyInPackage>
      <ItemPrice>0.01</ItemPrice>
      <UnitOfMeasurePrice>0.01</UnitOfMeasurePrice>
      <AllowDiscount>0</AllowDiscount>
      <itemStatus>1</itemStatus>
      <LastUpdateDate />
      <LastUpdateTime />
    </Product>
    <Product>
      <PriceUpdateDate>2020/04/27 08:19</PriceUpdateDate>
      <ItemCode>7290114310086</ItemCode>
      <ItemType>1</ItemType>
      <ItemName>קופון ב10% הנחה מגוון בולגרית/*צפתית</ItemName>
      <ManufactureName>*חברה המרכזית להפצתמשקאותבעמ*</ManufactureName>
      <ManufactureCountry />
      <ManufactureItemDescription />
      <UnitQty>י"ח</UnitQty>
      <Quantity>1</Quantity>
      <UnitMeasure />
      <BisWeighted>0</BisWeighted>
      <QtyInPackage>1</QtyInPackage>
      <ItemPrice>0.01</ItemPrice>
      <UnitOfMeasurePrice>0.01</UnitOfMeasurePrice>
      <AllowDiscount>0</AllowDiscount>
      <itemStatus>1</itemStatus>
      <LastUpdateDate />
      <LastUpdateTime />
    </Product>
    <Product>
      <PriceUpdateDate>2020/04/27 08:19</PriceUpdateDate>
      <ItemCode>7290114310093</ItemCode>
      <ItemType>1</ItemType>
      <ItemName>קופון ב10% הנחה טבורוג גבינה לאפיה</ItemName>
      <ManufactureName>*חברה המרכזית להפצתמשקאותבעמ*</ManufactureName>
      <ManufactureCountry />
      <ManufactureItemDescription />
      <UnitQty>י"ח</UnitQty>
      <Quantity>1</Quantity>
      <UnitMeasure />
      <BisWeighted>0</BisWeighted>
      <QtyInPackage>1</QtyInPackage>
      <ItemPrice>0.01</ItemPrice>
      <UnitOfMeasurePrice>0.01</UnitOfMeasurePrice>
      <AllowDiscount>0</AllowDiscount>
      <itemStatus>1</itemStatus>
      <LastUpdateDate />
      <LastUpdateTime />
    </Product>
    <Product>
      <PriceUpdateDate>2020/04/27 08:19</PriceUpdateDate>
      <ItemCode>7290114310109</ItemCode>
      <ItemType>1</ItemType>
      <ItemName>קופון ב10% הנחה גבינת עיזים למריחה</ItemName>
      <ManufactureName>*חברה המרכזית להפצתמשקאותבעמ*</ManufactureName>
      <ManufactureCountry />
      <ManufactureItemDescription />
      <UnitQty>י"ח</UnitQty>
      <Quantity>1</Quantity>
      <UnitMeasure />
      <BisWeighted>0</BisWeighted>
      <QtyInPackage>1</QtyInPackage>
      <ItemPrice>0.01</ItemPrice>
      <UnitOfMeasurePrice>0.01</UnitOfMeasurePrice>
      <AllowDiscount>0</AllowDiscount>
      <itemStatus>1</itemStatus>
      <LastUpdateDate />
      <LastUpdateTime />
    </Product>
    <Product>
      <PriceUpdateDate>2020/04/27 08:19</PriceUpdateDate>
      <ItemCode>7290114310116</ItemCode>
      <ItemType>1</ItemType>
      <ItemName>קופון ב10% הנחה מולר פרופ</ItemName>
      <ManufactureName>*חברה המרכזית להפצתמשקאותבעמ*</ManufactureName>
      <ManufactureCountry />
      <ManufactureItemDescription />
      <UnitQty>י"ח</UnitQty>
      <Quantity>1</Quantity>
      <UnitMeasure />
      <BisWeighted>0</BisWeighted>
      <QtyInPackage>1</QtyInPackage>
      <ItemPrice>0.01</ItemPrice>
      <UnitOfMeasurePrice>0.01</UnitOfMeasurePrice>
      <AllowDiscount>0</AllowDiscount>
      <itemStatus>1</itemStatus>
      <LastUpdateDate />
      <LastUpdateTime />
    </Product>
    <Product>
      <PriceUpdateDate>2020/04/27 08:19</PriceUpdateDate>
      <ItemCode>7290114310123</ItemCode>
      <ItemType>1</ItemType>
      <ItemName>קופון ב10% הנחה מולר רייס כלל הסדרה</ItemName>
      <ManufactureName>*חברה המרכזית להפצתמשקאותבעמ*</ManufactureName>
      <ManufactureCountry />
      <ManufactureItemDescription />
      <UnitQty>י"ח</UnitQty>
      <Quantity>1</Quantity>
      <UnitMeasure />
      <BisWeighted>0</BisWeighted>
      <QtyInPackage>1</QtyInPackage>
      <ItemPrice>0.01</ItemPrice>
      <UnitOfMeasurePrice>0.01</UnitOfMeasurePrice>
      <AllowDiscount>0</AllowDiscount>
      <itemStatus>1</itemStatus>
      <LastUpdateDate />
      <LastUpdateTime />
    </Product>
    <Product>
      <PriceUpdateDate>2020/04/27 08:19</PriceUpdateDate>
      <ItemCode>7290114310130</ItemCode>
      <ItemType>1</ItemType>
      <ItemName>קופון ב10% הנחה מולר אקטיב</ItemName>
      <ManufactureName>*חברה המרכזית להפצתמשקאותבעמ*</ManufactureName>
      <ManufactureCountry />
      <ManufactureItemDescription />
      <UnitQty>י"ח</UnitQty>
      <Quantity>1</Quantity>
      <UnitMeasure />
      <BisWeighted>0</BisWeighted>
      <QtyInPackage>1</QtyInPackage>
      <ItemPrice>0.01</ItemPrice>
      <UnitOfMeasurePrice>0.01</UnitOfMeasurePrice>
      <AllowDiscount>0</AllowDiscount>
      <itemStatus>1</itemStatus>
      <LastUpdateDate />
      <LastUpdateTime />
    </Product>
    <Product>
      <PriceUpdateDate>2020/04/27 08:19</PriceUpdateDate>
      <ItemCode>7290114310147</ItemCode>
      <ItemType>1</ItemType>
      <ItemName>קופון 1+1 גבינה לאפיה 500ג</ItemName>
      <ManufactureName>*חברה המרכזית להפצתמשקאותבעמ*</ManufactureName>
      <ManufactureCountry />
      <ManufactureItemDescription />
      <UnitQty>י"ח</UnitQty>
      <Quantity>1</Quantity>
      <UnitMeasure />
      <BisWeighted>0</BisWeighted>
      <QtyInPackage>1</QtyInPackage>
      <ItemPrice>0.01</ItemPrice>
      <UnitOfMeasurePrice>0.01</UnitOfMeasurePrice>
      <AllowDiscount>0</AllowDiscount>
      <itemStatus>1</itemStatus>
      <LastUpdateDate />
      <LastUpdateTime />
    </Product>
    <Product>
      <PriceUpdateDate>2020/04/27 08:19</PriceUpdateDate>
      <ItemCode>7290114310154</ItemCode>
      <ItemType>1</ItemType>
      <ItemName>קופון 1+1 גבינה טעם טוב</ItemName>
      <ManufactureName>*חברה המרכזית להפצתמשקאותבעמ*</ManufactureName>
      <ManufactureCountry />
      <ManufactureItemDescription />
      <UnitQty>י"ח</UnitQty>
      <Quantity>1</Quantity>
      <UnitMeasure />
      <BisWeighted>0</BisWeighted>
      <QtyInPackage>1</QtyInPackage>
      <ItemPrice>0.01</ItemPrice>
      <UnitOfMeasurePrice>0.01</UnitOfMeasurePrice>
      <AllowDiscount>0</AllowDiscount>
      <itemStatus>1</itemStatus>
      <LastUpdateDate />
      <LastUpdateTime />
    </Product>
    <Product>
      <PriceUpdateDate>2020/04/27 08:19</PriceUpdateDate>
      <ItemCode>7290114310161</ItemCode>
      <ItemType>1</ItemType>
      <ItemName>קופון 1+1 גבינה לבנה 250ג</ItemName>
      <ManufactureName>*חברה המרכזית להפצתמשקאותבעמ*</ManufactureName>
      <ManufactureCountry />
      <ManufactureItemDescription />
      <UnitQty>י"ח</UnitQty>
      <Quantity>1</Quantity>
      <UnitMeasure />
      <BisWeighted>0</BisWeighted>
      <QtyInPackage>1</QtyInPackage>
      <ItemPrice>0.01</ItemPrice>
      <UnitOfMeasurePrice>0.01</UnitOfMeasurePrice>
      <AllowDiscount>0</AllowDiscount>
      <itemStatus>1</itemStatus>
      <LastUpdateDate />
      <LastUpdateTime />
    </Product>
    <Product>
      <PriceUpdateDate>2020/04/27 08:19</PriceUpdateDate>
      <ItemCode>7290114310178</ItemCode>
      <ItemType>1</ItemType>
      <ItemName>קופון 1+1 גבינה לבנה 750ג</ItemName>
      <ManufactureName>*חברה המרכזית להפצתמשקאותבעמ*</ManufactureName>
      <ManufactureCountry />
      <ManufactureItemDescription />
      <UnitQty>י"ח</UnitQty>
      <Quantity>1</Quantity>
      <UnitMeasure />
      <BisWeighted>0</BisWeighted>
      <QtyInPackage>1</QtyInPackage>
      <ItemPrice>0.01</ItemPrice>
      <UnitOfMeasurePrice>0.01</UnitOfMeasurePrice>
      <AllowDiscount>0</AllowDiscount>
      <itemStatus>1</itemStatus>
      <LastUpdateDate />
      <LastUpdateTime />
    </Product>
    <Product>
      <PriceUpdateDate>2020/04/27 08:19</PriceUpdateDate>
      <ItemCode>7290114310185</ItemCode>
      <ItemType>1</ItemType>
      <ItemName>קופון 1+1 קוטג 5%</ItemName>
      <ManufactureName>*חברה המרכזית להפצתמשקאותבעמ*</ManufactureName>
      <ManufactureCountry />
      <ManufactureItemDescription />
      <UnitQty>י"ח</UnitQty>
      <Quantity>1</Quantity>
      <UnitMeasure />
      <BisWeighted>0</BisWeighted>
      <QtyInPackage>1</QtyInPackage>
      <ItemPrice>0.01</ItemPrice>
      <UnitOfMeasurePrice>0.01</UnitOfMeasurePrice>
      <AllowDiscount>0</AllowDiscount>
      <itemStatus>1</itemStatus>
      <LastUpdateDate />
      <LastUpdateTime />
    </Product>
    <Product>
      <PriceUpdateDate>2020/04/27 08:19</PriceUpdateDate>
      <ItemCode>7290114310192</ItemCode>
      <ItemType>1</ItemType>
      <ItemName>קופון 1+1 נעם מגורדת</ItemName>
      <ManufactureName>*חברה המרכזית להפצתמשקאותבעמ*</ManufactureName>
      <ManufactureCountry />
      <ManufactureItemDescription />
      <UnitQty>י"ח</UnitQty>
      <Quantity>1</Quantity>
      <UnitMeasure />
      <BisWeighted>0</BisWeighted>
      <QtyInPackage>1</QtyInPackage>
      <ItemPrice>0.01</ItemPrice>
      <UnitOfMeasurePrice>0.01</UnitOfMeasurePrice>
      <AllowDiscount>0</AllowDiscount>
      <itemStatus>1</itemStatus>
      <LastUpdateDate />
      <LastUpdateTime />
    </Product>
    <Product>
      <PriceUpdateDate>2020/02/25 09:15</PriceUpdateDate>
      <ItemCode>7290114600156</ItemCode>
      <ItemType>1</ItemType>
      <ItemName>פוף לבבות בצל 40ג כשל"פ</ItemName>
      <ManufactureName>ש.שסטוביץ בעמ</ManufactureName>
      <ManufactureCountry />
      <ManufactureItemDescription />
      <UnitQty>י"ח</UnitQty>
      <Quantity>40</Quantity>
      <UnitMeasure>ל  גרם</UnitMeasure>
      <BisWeighted>0</BisWeighted>
      <QtyInPackage>1</QtyInPackage>
      <ItemPrice>3.80</ItemPrice>
      <UnitOfMeasurePrice>9.50</UnitOfMeasurePrice>
      <AllowDiscount>1</AllowDiscount>
      <itemStatus>1</itemStatus>
      <LastUpdateDate />
      <LastUpdateTime />
    </Product>
    <Product>
      <PriceUpdateDate>2020/03/31 09:41</PriceUpdateDate>
      <ItemCode>7290114601719</ItemCode>
      <ItemType>1</ItemType>
      <ItemName>ברילה אמיליאנה פלייה פינו חדש 250ג</ItemName>
      <ManufactureName>ש.שסטוביץ בעמ</ManufactureName>
      <ManufactureCountry />
      <ManufactureItemDescription />
      <UnitQty>י"ח</UnitQty>
      <Quantity>250</Quantity>
      <UnitMeasure>ל  גרם</UnitMeasure>
      <BisWeighted>0</BisWeighted>
      <QtyInPackage>1</QtyInPackage>
      <ItemPrice>8.90</ItemPrice>
      <UnitOfMeasurePrice>3.56</UnitOfMeasurePrice>
      <AllowDiscount>0</AllowDiscount>
      <itemStatus>1</itemStatus>
      <LastUpdateDate />
      <LastUpdateTime />
    </Product>
    <Product>
      <PriceUpdateDate>2019/12/16 12:52</PriceUpdateDate>
      <ItemCode>7290114820004</ItemCode>
      <ItemType>1</ItemType>
      <ItemName>ג`יקובס מארז קפה נמס 200ג +שחור 85ג</ItemName>
      <ManufactureName>דיפלומט בעמ</ManufactureName>
      <ManufactureCountry />
      <ManufactureItemDescription />
      <UnitQty>י"ח</UnitQty>
      <Quantity>285</Quantity>
      <UnitMeasure>ל  גרם</UnitMeasure>
      <BisWeighted>0</BisWeighted>
      <QtyInPackage>1</QtyInPackage>
      <ItemPrice>33.90</ItemPrice>
      <UnitOfMeasurePrice>11.89</UnitOfMeasurePrice>
      <AllowDiscount>0</AllowDiscount>
      <itemStatus>1</itemStatus>
      <LastUpdateDate />
      <LastUpdateTime />
    </Product>
    <Product>
      <PriceUpdateDate>2019/03/11 08:51</PriceUpdateDate>
      <ItemCode>7291044091328</ItemCode>
      <ItemType>1</ItemType>
      <ItemName>בלנדר  חשמלי(מוט) 400W יונדאי.</ItemName>
      <ManufactureName>סמיקום לקסיס בעמ</ManufactureName>
      <ManufactureCountry />
      <ManufactureItemDescription />
      <UnitQty>י"ח</UnitQty>
      <Quantity>1</Quantity>
      <UnitMeasure />
      <BisWeighted>0</BisWeighted>
      <QtyInPackage>1</QtyInPackage>
      <ItemPrice>49.90</ItemPrice>
      <UnitOfMeasurePrice>49.90</UnitOfMeasurePrice>
      <AllowDiscount>0</AllowDiscount>
      <itemStatus>1</itemStatus>
      <LastUpdateDate />
      <LastUpdateTime />
    </Product>
    <Product>
      <PriceUpdateDate>2019/03/11 08:50</PriceUpdateDate>
      <ItemCode>7291044097108</ItemCode>
      <ItemType>1</ItemType>
      <ItemName>קומקום זכוכית לבן 1.7 יונדאי</ItemName>
      <ManufactureName>סמיקום לקסיס בעמ</ManufactureName>
      <ManufactureCountry />
      <ManufactureItemDescription />
      <UnitQty>י"ח</UnitQty>
      <Quantity>1</Quantity>
      <UnitMeasure />
      <BisWeighted>0</BisWeighted>
      <QtyInPackage>1</QtyInPackage>
      <ItemPrice>59.90</ItemPrice>
      <UnitOfMeasurePrice>59.90</UnitOfMeasurePrice>
      <AllowDiscount>0</AllowDiscount>
      <itemStatus>1</itemStatus>
      <LastUpdateDate />
      <LastUpdateTime />
    </Product>
    <Product>
      <PriceUpdateDate>2019/06/11 09:31</PriceUpdateDate>
      <ItemCode>7291044099515</ItemCode>
      <ItemType>1</ItemType>
      <ItemName>מאוורר עומד לבן טיימר 58" 58W.</ItemName>
      <ManufactureName>סמיקום לקסיס בעמ</ManufactureName>
      <ManufactureCountry />
      <ManufactureItemDescription />
      <UnitQty>י"ח</UnitQty>
      <Quantity>1</Quantity>
      <UnitMeasure />
      <BisWeighted>0</BisWeighted>
      <QtyInPackage>1</QtyInPackage>
      <ItemPrice>119.90</ItemPrice>
      <UnitOfMeasurePrice>119.90</UnitOfMeasurePrice>
      <AllowDiscount>0</AllowDiscount>
      <itemStatus>1</itemStatus>
      <LastUpdateDate />
      <LastUpdateTime />
    </Product>
    <Product>
      <PriceUpdateDate>2017/06/06 09:18</PriceUpdateDate>
      <ItemCode>7294413916543</ItemCode>
      <ItemType>1</ItemType>
      <ItemName>מסיר לק</ItemName>
      <ManufactureName>לפ מאי ביוטי - גבריאל אפנג`ר</ManufactureName>
      <ManufactureCountry />
      <ManufactureItemDescription />
      <UnitQty>י"ח</UnitQty>
      <Quantity>1</Quantity>
      <UnitMeasure />
      <BisWeighted>0</BisWeighted>
      <QtyInPackage>1</QtyInPackage>
      <ItemPrice>9.90</ItemPrice>
      <UnitOfMeasurePrice>9.90</UnitOfMeasurePrice>
      <AllowDiscount>0</AllowDiscount>
      <itemStatus>1</itemStatus>
      <LastUpdateDate />
      <LastUpdateTime />
    </Product>
    <Product>
      <PriceUpdateDate>2020/02/12 08:59</PriceUpdateDate>
      <ItemCode>7297070001669</ItemCode>
      <ItemType>1</ItemType>
      <ItemName>לורה תחתון בנות *5</ItemName>
      <ManufactureName>אחים וייס ישי ייצור בעמ</ManufactureName>
      <ManufactureCountry />
      <ManufactureItemDescription />
      <UnitQty>י"ח</UnitQty>
      <Quantity>1</Quantity>
      <UnitMeasure />
      <BisWeighted>0</BisWeighted>
      <QtyInPackage>1</QtyInPackage>
      <ItemPrice>22.90</ItemPrice>
      <UnitOfMeasurePrice>22.90</UnitOfMeasurePrice>
      <AllowDiscount>0</AllowDiscount>
      <itemStatus>1</itemStatus>
      <LastUpdateDate />
      <LastUpdateTime />
    </Product>
    <Product>
      <PriceUpdateDate>2020/01/01 09:03</PriceUpdateDate>
      <ItemCode>7297070002338</ItemCode>
      <ItemType>1</ItemType>
      <ItemName>קרסוליות לנשים</ItemName>
      <ManufactureName>אחים וייס ישי ייצור בעמ</ManufactureName>
      <ManufactureCountry />
      <ManufactureItemDescription />
      <UnitQty>י"ח</UnitQty>
      <Quantity>1</Quantity>
      <UnitMeasure />
      <BisWeighted>0</BisWeighted>
      <QtyInPackage>1</QtyInPackage>
      <ItemPrice>13.90</ItemPrice>
      <UnitOfMeasurePrice>13.90</UnitOfMeasurePrice>
      <AllowDiscount>0</AllowDiscount>
      <itemStatus>1</itemStatus>
      <LastUpdateDate />
      <LastUpdateTime />
    </Product>
    <Product>
      <PriceUpdateDate>2017/11/05 15:29</PriceUpdateDate>
      <ItemCode>7297174001084</ItemCode>
      <ItemType>1</ItemType>
      <ItemName>טייץ נשים גורג`יו</ItemName>
      <ManufactureName>אחים וייס ישי ייצור בעמ</ManufactureName>
      <ManufactureCountry />
      <ManufactureItemDescription />
      <UnitQty>י"ח</UnitQty>
      <Quantity>1</Quantity>
      <UnitMeasure />
      <BisWeighted>0</BisWeighted>
      <QtyInPackage>1</QtyInPackage>
      <ItemPrice>14.90</ItemPrice>
      <UnitOfMeasurePrice>14.90</UnitOfMeasurePrice>
      <AllowDiscount>0</AllowDiscount>
      <itemStatus>1</itemStatus>
      <LastUpdateDate />
      <LastUpdateTime />
    </Product>
    <Product>
      <PriceUpdateDate>2014/01/12 09:14</PriceUpdateDate>
      <ItemCode>7297395000040</ItemCode>
      <ItemType>1</ItemType>
      <ItemName>בדי בדיקה מיוחדים</ItemName>
      <ManufactureName>חן המעיין בעמ</ManufactureName>
      <ManufactureCountry />
      <ManufactureItemDescription />
      <UnitQty>י"ח</UnitQty>
      <Quantity>1</Quantity>
      <UnitMeasure />
      <BisWeighted>0</BisWeighted>
      <QtyInPackage>1</QtyInPackage>
      <ItemPrice>8</ItemPrice>
      <UnitOfMeasurePrice>8</UnitOfMeasurePrice>
      <AllowDiscount>0</AllowDiscount>
      <itemStatus>1</itemStatus>
      <LastUpdateDate />
      <LastUpdateTime />
    </Product>
    <Product>
      <PriceUpdateDate>2020/01/15 09:05</PriceUpdateDate>
      <ItemCode>7312040017072</ItemCode>
      <ItemType>1</ItemType>
      <ItemName>אבסולוט רגיל(וודקה {}{500</ItemName>
      <ManufactureName>טמפו משקאות בעמ</ManufactureName>
      <ManufactureCountry />
      <ManufactureItemDescription />
      <UnitQty>י"ח</UnitQty>
      <Quantity>500</Quantity>
      <UnitMeasure>ל  מ"ל</UnitMeasure>
      <BisWeighted>0</BisWeighted>
      <QtyInPackage>1</QtyInPackage>
      <ItemPrice>49.90</ItemPrice>
      <UnitOfMeasurePrice>9.92</UnitOfMeasurePrice>
      <AllowDiscount>1</AllowDiscount>
      <itemStatus>1</itemStatus>
      <LastUpdateDate />
      <LastUpdateTime />
    </Product>
    <Product>
      <PriceUpdateDate>2019/08/28 09:17</PriceUpdateDate>
      <ItemCode>7312040017683</ItemCode>
      <ItemType>1</ItemType>
      <ItemName>אבסולוט רגיל(וודקה {}{700</ItemName>
      <ManufactureName>טמפו משקאות בעמ</ManufactureName>
      <ManufactureCountry />
      <ManufactureItemDescription />
      <UnitQty>י"ח</UnitQty>
      <Quantity>750</Quantity>
      <UnitMeasure>ל  מ"ל</UnitMeasure>
      <BisWeighted>0</BisWeighted>
      <QtyInPackage>1</QtyInPackage>
      <ItemPrice>69.90</ItemPrice>
      <UnitOfMeasurePrice>9.28</UnitOfMeasurePrice>
      <AllowDiscount>1</AllowDiscount>
      <itemStatus>1</itemStatus>
      <LastUpdateDate />
      <LastUpdateTime />
    </Product>
    <Product>
      <PriceUpdateDate>2020/04/27 08:20</PriceUpdateDate>
      <ItemCode>7450026803100</ItemCode>
      <ItemType>1</ItemType>
      <ItemName>כפכף גומי שחור</ItemName>
      <ManufactureName>ביג מול בעמ</ManufactureName>
      <ManufactureCountry />
      <ManufactureItemDescription />
      <UnitQty>י"ח</UnitQty>
      <Quantity>1</Quantity>
      <UnitMeasure />
      <BisWeighted>0</BisWeighted>
      <QtyInPackage>1</QtyInPackage>
      <ItemPrice>24.90</ItemPrice>
      <UnitOfMeasurePrice>24.90</UnitOfMeasurePrice>
      <AllowDiscount>0</AllowDiscount>
      <itemStatus>1</itemStatus>
      <LastUpdateDate />
      <LastUpdateTime />
    </Product>
    <Product>
      <PriceUpdateDate>2019/08/25 09:24</PriceUpdateDate>
      <ItemCode>7501013122053</ItemCode>
      <ItemType>1</ItemType>
      <ItemName>נקטר אפרסק 1ליטר JUMEX קרטונית</ItemName>
      <ManufactureName>טמפו משקאות בעמ</ManufactureName>
      <ManufactureCountry />
      <ManufactureItemDescription />
      <UnitQty>י"ח</UnitQty>
      <Quantity>1</Quantity>
      <UnitMeasure>ליטר</UnitMeasure>
      <BisWeighted>0</BisWeighted>
      <QtyInPackage>1</QtyInPackage>
      <ItemPrice>7.90</ItemPrice>
      <UnitOfMeasurePrice>7.90</UnitOfMeasurePrice>
      <AllowDiscount>1</AllowDiscount>
      <itemStatus>1</itemStatus>
      <LastUpdateDate />
      <LastUpdateTime />
    </Product>
    <Product>
      <PriceUpdateDate>2019/08/25 09:24</PriceUpdateDate>
      <ItemCode>7501013122114</ItemCode>
      <ItemType>1</ItemType>
      <ItemName>נקטר אננס 1ליטר JUMEX קרטונית</ItemName>
      <ManufactureName>טמפו משקאות בעמ</ManufactureName>
      <ManufactureCountry />
      <ManufactureItemDescription />
      <UnitQty>י"ח</UnitQty>
      <Quantity>1</Quantity>
      <UnitMeasure>ליטר</UnitMeasure>
      <BisWeighted>0</BisWeighted>
      <QtyInPackage>1</QtyInPackage>
      <ItemPrice>7.90</ItemPrice>
      <UnitOfMeasurePrice>7.90</UnitOfMeasurePrice>
      <AllowDiscount>1</AllowDiscount>
      <itemStatus>1</itemStatus>
      <LastUpdateDate />
      <LastUpdateTime />
    </Product>
    <Product>
      <PriceUpdateDate>2019/08/25 09:24</PriceUpdateDate>
      <ItemCode>7501013122992</ItemCode>
      <ItemType>1</ItemType>
      <ItemName>.נקטר קוקוס אננס  1ליטר JUMEX קרטונית</ItemName>
      <ManufactureName>טמפו משקאות בעמ</ManufactureName>
      <ManufactureCountry />
      <ManufactureItemDescription />
      <UnitQty>י"ח</UnitQty>
      <Quantity>1</Quantity>
      <UnitMeasure>ליטר</UnitMeasure>
      <BisWeighted>0</BisWeighted>
      <QtyInPackage>1</QtyInPackage>
      <ItemPrice>7.90</ItemPrice>
      <UnitOfMeasurePrice>7.90</UnitOfMeasurePrice>
      <AllowDiscount>1</AllowDiscount>
      <itemStatus>1</itemStatus>
      <LastUpdateDate />
      <LastUpdateTime />
    </Product>
    <Product>
      <PriceUpdateDate>2015/07/01 09:30</PriceUpdateDate>
      <ItemCode>7501013132403</ItemCode>
      <ItemType>1</ItemType>
      <ItemName>.נקטר קוקוס אננס  1ליטר JUMEX</ItemName>
      <ManufactureName>טמפו משקאות בעמ</ManufactureName>
      <ManufactureCountry />
      <ManufactureItemDescription />
      <UnitQty>י"ח</UnitQty>
      <Quantity>1</Quantity>
      <UnitMeasure>ליטר</UnitMeasure>
      <BisWeighted>0</BisWeighted>
      <QtyInPackage>1</QtyInPackage>
      <ItemPrice>12.20</ItemPrice>
      <UnitOfMeasurePrice>12.20</UnitOfMeasurePrice>
      <AllowDiscount>0</AllowDiscount>
      <itemStatus>1</itemStatus>
      <LastUpdateDate />
      <LastUpdateTime />
    </Product>
    <Product>
      <PriceUpdateDate>2017/05/16 11:40</PriceUpdateDate>
      <ItemCode>7610100034084</ItemCode>
      <ItemType>1</ItemType>
      <ItemName>מיונז טומי 265ג</ItemName>
      <ManufactureName>ליימן שליסל</ManufactureName>
      <ManufactureCountry />
      <ManufactureItemDescription />
      <UnitQty>י"ח</UnitQty>
      <Quantity>265</Quantity>
      <UnitMeasure>ל  גרם</UnitMeasure>
      <BisWeighted>0</BisWeighted>
      <QtyInPackage>1</QtyInPackage>
      <ItemPrice>13.90</ItemPrice>
      <UnitOfMeasurePrice>5.25</UnitOfMeasurePrice>
      <AllowDiscount>1</AllowDiscount>
      <itemStatus>1</itemStatus>
      <LastUpdateDate />
      <LastUpdateTime />
    </Product>
    <Product>
      <PriceUpdateDate>2018/05/08 15:01</PriceUpdateDate>
      <ItemCode>7613030979647</ItemCode>
      <ItemType>1</ItemType>
      <ItemName>טריקס פירות  480גר</ItemName>
      <ManufactureName>קבוצת אוסם סחר-שות.מוגבלת</ManufactureName>
      <ManufactureCountry />
      <ManufactureItemDescription />
      <UnitQty>י"ח</UnitQty>
      <Quantity>4.80</Quantity>
      <UnitMeasure>י"ח</UnitMeasure>
      <BisWeighted>0</BisWeighted>
      <QtyInPackage>1</QtyInPackage>
      <ItemPrice>24.20</ItemPrice>
      <UnitOfMeasurePrice>5.04</UnitOfMeasurePrice>
      <AllowDiscount>1</AllowDiscount>
      <itemStatus>1</itemStatus>
      <LastUpdateDate />
      <LastUpdateTime />
    </Product>
    <Product>
      <PriceUpdateDate>2018/03/07 10:03</PriceUpdateDate>
      <ItemCode>7613031608850</ItemCode>
      <ItemType>1</ItemType>
      <ItemName>פיטנס דגנים 625</ItemName>
      <ManufactureName>קבוצת אוסם סחר-שות.מוגבלת</ManufactureName>
      <ManufactureCountry />
      <ManufactureItemDescription />
      <UnitQty>י"ח</UnitQty>
      <Quantity>625</Quantity>
      <UnitMeasure>ל  גרם</UnitMeasure>
      <BisWeighted>0</BisWeighted>
      <QtyInPackage>1</QtyInPackage>
      <ItemPrice>27.90</ItemPrice>
      <UnitOfMeasurePrice>4.46</UnitOfMeasurePrice>
      <AllowDiscount>0</AllowDiscount>
      <itemStatus>1</itemStatus>
      <LastUpdateDate />
      <LastUpdateTime />
    </Product>
    <Product>
      <PriceUpdateDate>2018/02/26 15:17</PriceUpdateDate>
      <ItemCode>7613032045753</ItemCode>
      <ItemType>1</ItemType>
      <ItemName>פיטנס שוקולד 375גרם</ItemName>
      <ManufactureName>קבוצת אוסם סחר-שות.מוגבלת</ManufactureName>
      <ManufactureCountry />
      <ManufactureItemDescription />
      <UnitQty>י"ח</UnitQty>
      <Quantity>375</Quantity>
      <UnitMeasure>ל  גרם</UnitMeasure>
      <BisWeighted>0</BisWeighted>
      <QtyInPackage>1</QtyInPackage>
      <ItemPrice>19.90</ItemPrice>
      <UnitOfMeasurePrice>5.31</UnitOfMeasurePrice>
      <AllowDiscount>1</AllowDiscount>
      <itemStatus>1</itemStatus>
      <LastUpdateDate />
      <LastUpdateTime />
    </Product>
    <Product>
      <PriceUpdateDate>2018/02/09 10:58</PriceUpdateDate>
      <ItemCode>7613033174728</ItemCode>
      <ItemType>1</ItemType>
      <ItemName>נס קפה דולצה גוסטו קפה אולאיט 16 קפ</ItemName>
      <ManufactureName>קבוצת אוסם סחר-שות.מוגבלת</ManufactureName>
      <ManufactureCountry />
      <ManufactureItemDescription />
      <UnitQty>י"ח</UnitQty>
      <Quantity>216</Quantity>
      <UnitMeasure>ל  גרם</UnitMeasure>
      <BisWeighted>0</BisWeighted>
      <QtyInPackage>1</QtyInPackage>
      <ItemPrice>27.90</ItemPrice>
      <UnitOfMeasurePrice>12.92</UnitOfMeasurePrice>
      <AllowDiscount>0</AllowDiscount>
      <itemStatus>1</itemStatus>
      <LastUpdateDate />
      <LastUpdateTime />
    </Product>
    <Product>
      <PriceUpdateDate>2015/06/07 10:20</PriceUpdateDate>
      <ItemCode>7613033691522</ItemCode>
      <ItemType>1</ItemType>
      <ItemName>מחית ירקות ופתיתים שלב 4 250גר</ItemName>
      <ManufactureName>קבוצת אוסם סחר-שות.מוגבלת</ManufactureName>
      <ManufactureCountry />
      <ManufactureItemDescription />
      <UnitQty>י"ח</UnitQty>
      <Quantity>250</Quantity>
      <UnitMeasure>ל  גרם</UnitMeasure>
      <BisWeighted>0</BisWeighted>
      <QtyInPackage>1</QtyInPackage>
      <ItemPrice>10</ItemPrice>
      <UnitOfMeasurePrice>4</UnitOfMeasurePrice>
      <AllowDiscount>0</AllowDiscount>
      <itemStatus>1</itemStatus>
      <LastUpdateDate />
      <LastUpdateTime />
    </Product>
    <Product>
      <PriceUpdateDate>2016/07/13 15:14</PriceUpdateDate>
      <ItemCode>7613034792785</ItemCode>
      <ItemType>1</ItemType>
      <ItemName>מולטי ציריוס 565גר</ItemName>
      <ManufactureName>קבוצת אוסם סחר-שות.מוגבלת</ManufactureName>
      <ManufactureCountry />
      <ManufactureItemDescription />
      <UnitQty>י"ח</UnitQty>
      <Quantity>500</Quantity>
      <UnitMeasure>ל  גרם</UnitMeasure>
      <BisWeighted>0</BisWeighted>
      <QtyInPackage>1</QtyInPackage>
      <ItemPrice>24.20</ItemPrice>
      <UnitOfMeasurePrice>4.84</UnitOfMeasurePrice>
      <AllowDiscount>1</AllowDiscount>
      <itemStatus>1</itemStatus>
      <LastUpdateDate />
      <LastUpdateTime />
    </Product>
    <Product>
      <PriceUpdateDate>2018/02/09 11:00</PriceUpdateDate>
      <ItemCode>7613035698741</ItemCode>
      <ItemType>1</ItemType>
      <ItemName>נסקפה ד.גוסטו שוקוצ`ינו 256גר</ItemName>
      <ManufactureName>קבוצת אוסם סחר-שות.מוגבלת</ManufactureName>
      <ManufactureCountry />
      <ManufactureItemDescription />
      <UnitQty>י"ח</UnitQty>
      <Quantity>256</Quantity>
      <UnitMeasure>ל  גרם</UnitMeasure>
      <BisWeighted>0</BisWeighted>
      <QtyInPackage>1</QtyInPackage>
      <ItemPrice>25.90</ItemPrice>
      <UnitOfMeasurePrice>10.12</UnitOfMeasurePrice>
      <AllowDiscount>0</AllowDiscount>
      <itemStatus>1</itemStatus>
      <LastUpdateDate />
      <LastUpdateTime />
    </Product>
    <Product>
      <PriceUpdateDate>2016/10/09 09:16</PriceUpdateDate>
      <ItemCode>7613035807778</ItemCode>
      <ItemType>1</ItemType>
      <ItemName>רוטב עגבניות לבלונז 400ג</ItemName>
      <ManufactureName>קבוצת אוסם סחר-שות.מוגבלת</ManufactureName>
      <ManufactureCountry />
      <ManufactureItemDescription />
      <UnitQty>י"ח</UnitQty>
      <Quantity>400</Quantity>
      <UnitMeasure>ל  גרם</UnitMeasure>
      <BisWeighted>0</BisWeighted>
      <QtyInPackage>1</QtyInPackage>
      <ItemPrice>9.90</ItemPrice>
      <UnitOfMeasurePrice>2.48</UnitOfMeasurePrice>
      <AllowDiscount>1</AllowDiscount>
      <itemStatus>1</itemStatus>
      <LastUpdateDate />
      <LastUpdateTime />
    </Product>
    <Product>
      <PriceUpdateDate>2016/10/09 09:17</PriceUpdateDate>
      <ItemCode>7613035809109</ItemCode>
      <ItemType>1</ItemType>
      <ItemName>רוטב עגבניות ובזיליקום 400ג</ItemName>
      <ManufactureName>קבוצת אוסם סחר-שות.מוגבלת</ManufactureName>
      <ManufactureCountry />
      <ManufactureItemDescription />
      <UnitQty>י"ח</UnitQty>
      <Quantity>400</Quantity>
      <UnitMeasure>ל  גרם</UnitMeasure>
      <BisWeighted>0</BisWeighted>
      <QtyInPackage>1</QtyInPackage>
      <ItemPrice>9.90</ItemPrice>
      <UnitOfMeasurePrice>2.48</UnitOfMeasurePrice>
      <AllowDiscount>1</AllowDiscount>
      <itemStatus>1</itemStatus>
      <LastUpdateDate />
      <LastUpdateTime />
    </Product>
    <Product>
      <PriceUpdateDate>2016/10/09 09:17</PriceUpdateDate>
      <ItemCode>7613035809123</ItemCode>
      <ItemType>1</ItemType>
      <ItemName>רוטב עגבניות עם פלפלים  400ג</ItemName>
      <ManufactureName>קבוצת אוסם סחר-שות.מוגבלת</ManufactureName>
      <ManufactureCountry />
      <ManufactureItemDescription />
      <UnitQty>י"ח</UnitQty>
      <Quantity>400</Quantity>
      <UnitMeasure>ל  גרם</UnitMeasure>
      <BisWeighted>0</BisWeighted>
      <QtyInPackage>1</QtyInPackage>
      <ItemPrice>9.90</ItemPrice>
      <UnitOfMeasurePrice>2.48</UnitOfMeasurePrice>
      <AllowDiscount>1</AllowDiscount>
      <itemStatus>1</itemStatus>
      <LastUpdateDate />
      <LastUpdateTime />
    </Product>
    <Product>
      <PriceUpdateDate>2019/01/13 14:52</PriceUpdateDate>
      <ItemCode>7613036045544</ItemCode>
      <ItemType>1</ItemType>
      <ItemName>פייבר וואן 460גר</ItemName>
      <ManufactureName>קבוצת אוסם סחר-שות.מוגבלת</ManufactureName>
      <ManufactureCountry />
      <ManufactureItemDescription />
      <UnitQty>י"ח</UnitQty>
      <Quantity>460</Quantity>
      <UnitMeasure>ל  גרם</UnitMeasure>
      <BisWeighted>0</BisWeighted>
      <QtyInPackage>1</QtyInPackage>
      <ItemPrice>21.90</ItemPrice>
      <UnitOfMeasurePrice>4.76</UnitOfMeasurePrice>
      <AllowDiscount>0</AllowDiscount>
      <itemStatus>1</itemStatus>
      <LastUpdateDate />
      <LastUpdateTime />
    </Product>
    <Product>
      <PriceUpdateDate>2019/12/03 09:29</PriceUpdateDate>
      <ItemCode>7613036387798</ItemCode>
      <ItemType>1</ItemType>
      <ItemName>פיטנס יוגורט 350ג</ItemName>
      <ManufactureName>קבוצת אוסם סחר-שות.מוגבלת</ManufactureName>
      <ManufactureCountry />
      <ManufactureItemDescription />
      <UnitQty>י"ח</UnitQty>
      <Quantity>350</Quantity>
      <UnitMeasure>ל  גרם</UnitMeasure>
      <BisWeighted>0</BisWeighted>
      <QtyInPackage>1</QtyInPackage>
      <ItemPrice>19.90</ItemPrice>
      <UnitOfMeasurePrice>5.69</UnitOfMeasurePrice>
      <AllowDiscount>1</AllowDiscount>
      <itemStatus>1</itemStatus>
      <LastUpdateDate />
      <LastUpdateTime />
    </Product>
    <Product>
      <PriceUpdateDate>2018/08/17 09:34</PriceUpdateDate>
      <ItemCode>7613036737623</ItemCode>
      <ItemType>1</ItemType>
      <ItemName>דגני בוקר קראנץ מיקס  410גר</ItemName>
      <ManufactureName>קבוצת אוסם סחר-שות.מוגבלת</ManufactureName>
      <ManufactureCountry />
      <ManufactureItemDescription />
      <UnitQty>י"ח</UnitQty>
      <Quantity>410</Quantity>
      <UnitMeasure>ל  גרם</UnitMeasure>
      <BisWeighted>0</BisWeighted>
      <QtyInPackage>1</QtyInPackage>
      <ItemPrice>29.90</ItemPrice>
      <UnitOfMeasurePrice>7.29</UnitOfMeasurePrice>
      <AllowDiscount>1</AllowDiscount>
      <itemStatus>1</itemStatus>
      <LastUpdateDate />
      <LastUpdateTime />
    </Product>
    <Product>
      <PriceUpdateDate>2019/02/20 08:48</PriceUpdateDate>
      <ItemCode>7613036760195</ItemCode>
      <ItemType>1</ItemType>
      <ItemName>נס קפה דולצה גוסטו אספרסו 16 קפ</ItemName>
      <ManufactureName>קבוצת אוסם סחר-שות.מוגבלת</ManufactureName>
      <ManufactureCountry />
      <ManufactureItemDescription />
      <UnitQty>י"ח</UnitQty>
      <Quantity>216</Quantity>
      <UnitMeasure>ל  גרם</UnitMeasure>
      <BisWeighted>0</BisWeighted>
      <QtyInPackage>1</QtyInPackage>
      <ItemPrice>27.90</ItemPrice>
      <UnitOfMeasurePrice>12.92</UnitOfMeasurePrice>
      <AllowDiscount>0</AllowDiscount>
      <itemStatus>1</itemStatus>
      <LastUpdateDate />
      <LastUpdateTime />
    </Product>
    <Product>
      <PriceUpdateDate>2019/02/20 08:48</PriceUpdateDate>
      <ItemCode>7613036867870</ItemCode>
      <ItemType>1</ItemType>
      <ItemName>נס קפה דולצה גוסטו אספרסו בריסט 16 קפ</ItemName>
      <ManufactureName>קבוצת אוסם סחר-שות.מוגבלת</ManufactureName>
      <ManufactureCountry />
      <ManufactureItemDescription />
      <UnitQty>י"ח</UnitQty>
      <Quantity>216</Quantity>
      <UnitMeasure>ל  גרם</UnitMeasure>
      <BisWeighted>0</BisWeighted>
      <QtyInPackage>1</QtyInPackage>
      <ItemPrice>27.90</ItemPrice>
      <UnitOfMeasurePrice>12.92</UnitOfMeasurePrice>
      <AllowDiscount>0</AllowDiscount>
      <itemStatus>1</itemStatus>
      <LastUpdateDate />
      <LastUpdateTime />
    </Product>
    <Product>
      <PriceUpdateDate>2019/10/23 08:16</PriceUpdateDate>
      <ItemCode>7613036878135</ItemCode>
      <ItemType>1</ItemType>
      <ItemName>גרבר מחית סלט פירות 190גר</ItemName>
      <ManufactureName>קבוצת אוסם סחר-שות.מוגבלת</ManufactureName>
      <ManufactureCountry />
      <ManufactureItemDescription />
      <UnitQty>י"ח</UnitQty>
      <Quantity>190</Quantity>
      <UnitMeasure>ל  גרם</UnitMeasure>
      <BisWeighted>0</BisWeighted>
      <QtyInPackage>1</QtyInPackage>
      <ItemPrice>5.90</ItemPrice>
      <UnitOfMeasurePrice>3.11</UnitOfMeasurePrice>
      <AllowDiscount>1</AllowDiscount>
      <itemStatus>1</itemStatus>
      <LastUpdateDate />
      <LastUpdateTime />
    </Product>
    <Product>
      <PriceUpdateDate>2019/10/23 08:16</PriceUpdateDate>
      <ItemCode>7613036880510</ItemCode>
      <ItemType>1</ItemType>
      <ItemName>גרבר מחית תפוח עץ ודגנים מלאים  190גר</ItemName>
      <ManufactureName>קבוצת אוסם סחר-שות.מוגבלת</ManufactureName>
      <ManufactureCountry />
      <ManufactureItemDescription />
      <UnitQty>י"ח</UnitQty>
      <Quantity>190</Quantity>
      <UnitMeasure>ל  גרם</UnitMeasure>
      <BisWeighted>0</BisWeighted>
      <QtyInPackage>1</QtyInPackage>
      <ItemPrice>5.90</ItemPrice>
      <UnitOfMeasurePrice>3.11</UnitOfMeasurePrice>
      <AllowDiscount>1</AllowDiscount>
      <itemStatus>1</itemStatus>
      <LastUpdateDate />
      <LastUpdateTime />
    </Product>
    <Product>
      <PriceUpdateDate>2020/01/08 13:50</PriceUpdateDate>
      <ItemCode>7613037012200</ItemCode>
      <ItemType>1</ItemType>
      <ItemName>גרבר מחית תפוח מנגו גזר פאוץ 90גר</ItemName>
      <ManufactureName>קבוצת אוסם סחר-שות.מוגבלת</ManufactureName>
      <ManufactureCountry />
      <ManufactureItemDescription />
      <UnitQty>י"ח</UnitQty>
      <Quantity>130</Quantity>
      <UnitMeasure>ל  גרם</UnitMeasure>
      <BisWeighted>0</BisWeighted>
      <QtyInPackage>1</QtyInPackage>
      <ItemPrice>5.90</ItemPrice>
      <UnitOfMeasurePrice>4.54</UnitOfMeasurePrice>
      <AllowDiscount>1</AllowDiscount>
      <itemStatus>1</itemStatus>
      <LastUpdateDate />
      <LastUpdateTime />
    </Product>
    <Product>
      <PriceUpdateDate>2020/01/08 13:50</PriceUpdateDate>
      <ItemCode>7613037015386</ItemCode>
      <ItemType>1</ItemType>
      <ItemName>גרבר מחית תפוח פאוץ 90גר</ItemName>
      <ManufactureName>קבוצת אוסם סחר-שות.מוגבלת</ManufactureName>
      <ManufactureCountry />
      <ManufactureItemDescription />
      <UnitQty>י"ח</UnitQty>
      <Quantity>130</Quantity>
      <UnitMeasure>ל  גרם</UnitMeasure>
      <BisWeighted>0</BisWeighted>
      <QtyInPackage>1</QtyInPackage>
      <ItemPrice>5.90</ItemPrice>
      <UnitOfMeasurePrice>4.54</UnitOfMeasurePrice>
      <AllowDiscount>1</AllowDiscount>
      <itemStatus>1</itemStatus>
      <LastUpdateDate />
      <LastUpdateTime />
    </Product>
    <Product>
      <PriceUpdateDate>2020/01/23 09:23</PriceUpdateDate>
      <ItemCode>7613037054347</ItemCode>
      <ItemType>1</ItemType>
      <ItemName>גרבר מחית תפוח עץ 190גר</ItemName>
      <ManufactureName>קבוצת אוסם סחר-שות.מוגבלת</ManufactureName>
      <ManufactureCountry />
      <ManufactureItemDescription />
      <UnitQty>י"ח</UnitQty>
      <Quantity>190</Quantity>
      <UnitMeasure>ל  גרם</UnitMeasure>
      <BisWeighted>0</BisWeighted>
      <QtyInPackage>1</QtyInPackage>
      <ItemPrice>5.90</ItemPrice>
      <UnitOfMeasurePrice>3.11</UnitOfMeasurePrice>
      <AllowDiscount>1</AllowDiscount>
      <itemStatus>1</itemStatus>
      <LastUpdateDate />
      <LastUpdateTime />
    </Product>
    <Product>
      <PriceUpdateDate>2019/11/19 15:53</PriceUpdateDate>
      <ItemCode>7613037687132</ItemCode>
      <ItemType>1</ItemType>
      <ItemName>פיטנס שקדים ודבש 585ג</ItemName>
      <ManufactureName>קבוצת אוסם סחר-שות.מוגבלת</ManufactureName>
      <ManufactureCountry />
      <ManufactureItemDescription />
      <UnitQty>י"ח</UnitQty>
      <Quantity>585</Quantity>
      <UnitMeasure>ל  גרם</UnitMeasure>
      <BisWeighted>0</BisWeighted>
      <QtyInPackage>1</QtyInPackage>
      <ItemPrice>25.90</ItemPrice>
      <UnitOfMeasurePrice>4.43</UnitOfMeasurePrice>
      <AllowDiscount>0</AllowDiscount>
      <itemStatus>1</itemStatus>
      <LastUpdateDate />
      <LastUpdateTime />
    </Product>
    <Product>
      <PriceUpdateDate>2016/12/01 17:39</PriceUpdateDate>
      <ItemCode>7622010001858</ItemCode>
      <ItemType>1</ItemType>
      <ItemName>אוראו 176 גרם ממולא קרם וניל</ItemName>
      <ManufactureName>דיפלומט בעמ</ManufactureName>
      <ManufactureCountry />
      <ManufactureItemDescription />
      <UnitQty>י"ח</UnitQty>
      <Quantity>176</Quantity>
      <UnitMeasure>ל  גרם</UnitMeasure>
      <BisWeighted>0</BisWeighted>
      <QtyInPackage>1</QtyInPackage>
      <ItemPrice>8.90</ItemPrice>
      <UnitOfMeasurePrice>5.06</UnitOfMeasurePrice>
      <AllowDiscount>1</AllowDiscount>
      <itemStatus>1</itemStatus>
      <LastUpdateDate />
      <LastUpdateTime />
    </Product>
    <Product>
      <PriceUpdateDate>2020/02/26 09:03</PriceUpdateDate>
      <ItemCode>7622201139278</ItemCode>
      <ItemType>1</ItemType>
      <ItemName>פילדלפיה  27% שומן 150ג</ItemName>
      <ManufactureName>נטו מלינדה סחר בעמ</ManufactureName>
      <ManufactureCountry />
      <ManufactureItemDescription />
      <UnitQty>י"ח</UnitQty>
      <Quantity>150</Quantity>
      <UnitMeasure>ל  גרם</UnitMeasure>
      <BisWeighted>0</BisWeighted>
      <QtyInPackage>1</QtyInPackage>
      <ItemPrice>13.90</ItemPrice>
      <UnitOfMeasurePrice>9.27</UnitOfMeasurePrice>
      <AllowDiscount>1</AllowDiscount>
      <itemStatus>1</itemStatus>
      <LastUpdateDate />
      <LastUpdateTime />
    </Product>
    <Product>
      <PriceUpdateDate>2017/11/12 10:40</PriceUpdateDate>
      <ItemCode>7622210453327</ItemCode>
      <ItemType>1</ItemType>
      <ItemName>מילקה סנסיישן 156גר</ItemName>
      <ManufactureName>דיפלומט בעמ</ManufactureName>
      <ManufactureCountry />
      <ManufactureItemDescription />
      <UnitQty>י"ח</UnitQty>
      <Quantity>156</Quantity>
      <UnitMeasure>ל  גרם</UnitMeasure>
      <BisWeighted>0</BisWeighted>
      <QtyInPackage>1</QtyInPackage>
      <ItemPrice>12.90</ItemPrice>
      <UnitOfMeasurePrice>8.27</UnitOfMeasurePrice>
      <AllowDiscount>1</AllowDiscount>
      <itemStatus>1</itemStatus>
      <LastUpdateDate />
      <LastUpdateTime />
    </Product>
    <Product>
      <PriceUpdateDate>2020/04/27 08:18</PriceUpdateDate>
      <ItemCode>7622210645999</ItemCode>
      <ItemType>1</ItemType>
      <ItemName>שוקולד מילקה דרק  שקדים 85ג</ItemName>
      <ManufactureName>דיפלומט בעמ</ManufactureName>
      <ManufactureCountry />
      <ManufactureItemDescription />
      <UnitQty>י"ח</UnitQty>
      <Quantity>85</Quantity>
      <UnitMeasure>ל  גרם</UnitMeasure>
      <BisWeighted>0</BisWeighted>
      <QtyInPackage>1</QtyInPackage>
      <ItemPrice>8.90</ItemPrice>
      <UnitOfMeasurePrice>10.47</UnitOfMeasurePrice>
      <AllowDiscount>0</AllowDiscount>
      <itemStatus>1</itemStatus>
      <LastUpdateDate />
      <LastUpdateTime />
    </Product>
    <Product>
      <PriceUpdateDate>2020/04/27 08:18</PriceUpdateDate>
      <ItemCode>7622210646026</ItemCode>
      <ItemType>1</ItemType>
      <ItemName>שוקולד מילקה דרק קרמל 85ג</ItemName>
      <ManufactureName>דיפלומט בעמ</ManufactureName>
      <ManufactureCountry />
      <ManufactureItemDescription />
      <UnitQty>י"ח</UnitQty>
      <Quantity>85</Quantity>
      <UnitMeasure>ל  גרם</UnitMeasure>
      <BisWeighted>0</BisWeighted>
      <QtyInPackage>1</QtyInPackage>
      <ItemPrice>8.90</ItemPrice>
      <UnitOfMeasurePrice>10.47</UnitOfMeasurePrice>
      <AllowDiscount>0</AllowDiscount>
      <itemStatus>1</itemStatus>
      <LastUpdateDate />
      <LastUpdateTime />
    </Product>
    <Product>
      <PriceUpdateDate>2020/04/27 08:18</PriceUpdateDate>
      <ItemCode>7622210646033</ItemCode>
      <ItemType>1</ItemType>
      <ItemName>שוקולד מילקה דרק  85ג</ItemName>
      <ManufactureName>דיפלומט בעמ</ManufactureName>
      <ManufactureCountry />
      <ManufactureItemDescription />
      <UnitQty>י"ח</UnitQty>
      <Quantity>85</Quantity>
      <UnitMeasure>ל  גרם</UnitMeasure>
      <BisWeighted>0</BisWeighted>
      <QtyInPackage>1</QtyInPackage>
      <ItemPrice>8.90</ItemPrice>
      <UnitOfMeasurePrice>10.47</UnitOfMeasurePrice>
      <AllowDiscount>0</AllowDiscount>
      <itemStatus>1</itemStatus>
      <LastUpdateDate />
      <LastUpdateTime />
    </Product>
    <Product>
      <PriceUpdateDate>2017/12/14 15:37</PriceUpdateDate>
      <ItemCode>7622210650924</ItemCode>
      <ItemType>1</ItemType>
      <ItemName>אוראו דקים שוקו  96ג</ItemName>
      <ManufactureName>דיפלומט בעמ</ManufactureName>
      <ManufactureCountry />
      <ManufactureItemDescription />
      <UnitQty>י"ח</UnitQty>
      <Quantity>96</Quantity>
      <UnitMeasure>ל  גרם</UnitMeasure>
      <BisWeighted>0</BisWeighted>
      <QtyInPackage>1</QtyInPackage>
      <ItemPrice>7.90</ItemPrice>
      <UnitOfMeasurePrice>8.23</UnitOfMeasurePrice>
      <AllowDiscount>1</AllowDiscount>
      <itemStatus>1</itemStatus>
      <LastUpdateDate />
      <LastUpdateTime />
    </Product>
    <Product>
      <PriceUpdateDate>2020/01/21 09:29</PriceUpdateDate>
      <ItemCode>7622210819499</ItemCode>
      <ItemType>1</ItemType>
      <ItemName>מילקה טנדר ברייק 156ג</ItemName>
      <ManufactureName>דיפלומט בעמ</ManufactureName>
      <ManufactureCountry />
      <ManufactureItemDescription />
      <UnitQty>י"ח</UnitQty>
      <Quantity>150</Quantity>
      <UnitMeasure>ל  גרם</UnitMeasure>
      <BisWeighted>0</BisWeighted>
      <QtyInPackage>1</QtyInPackage>
      <ItemPrice>11.90</ItemPrice>
      <UnitOfMeasurePrice>7.93</UnitOfMeasurePrice>
      <AllowDiscount>1</AllowDiscount>
      <itemStatus>1</itemStatus>
      <LastUpdateDate />
      <LastUpdateTime />
    </Product>
    <Product>
      <PriceUpdateDate>2019/09/10 09:40</PriceUpdateDate>
      <ItemCode>7622210874351</ItemCode>
      <ItemType>1</ItemType>
      <ItemName>אוראו מיני כוסות וניל 67 גר</ItemName>
      <ManufactureName>דיפלומט בעמ</ManufactureName>
      <ManufactureCountry />
      <ManufactureItemDescription />
      <UnitQty>י"ח</UnitQty>
      <Quantity>67</Quantity>
      <UnitMeasure>ס"מ</UnitMeasure>
      <BisWeighted>0</BisWeighted>
      <QtyInPackage>1</QtyInPackage>
      <ItemPrice>5.90</ItemPrice>
      <UnitOfMeasurePrice>8.81</UnitOfMeasurePrice>
      <AllowDiscount>1</AllowDiscount>
      <itemStatus>1</itemStatus>
      <LastUpdateDate />
      <LastUpdateTime />
    </Product>
    <Product>
      <PriceUpdateDate>2016/07/14 12:25</PriceUpdateDate>
      <ItemCode>7622210984678</ItemCode>
      <ItemType>1</ItemType>
      <ItemName>מילקה וואפל במילוי קרם קקאו 150גר</ItemName>
      <ManufactureName>דיפלומט בעמ</ManufactureName>
      <ManufactureCountry />
      <ManufactureItemDescription />
      <UnitQty>י"ח</UnitQty>
      <Quantity>150</Quantity>
      <UnitMeasure>ל  גרם</UnitMeasure>
      <BisWeighted>0</BisWeighted>
      <QtyInPackage>1</QtyInPackage>
      <ItemPrice>15.90</ItemPrice>
      <UnitOfMeasurePrice>10.60</UnitOfMeasurePrice>
      <AllowDiscount>1</AllowDiscount>
      <itemStatus>1</itemStatus>
      <LastUpdateDate />
      <LastUpdateTime />
    </Product>
    <Product>
      <PriceUpdateDate>2018/12/17 12:12</PriceUpdateDate>
      <ItemCode>7622300270469</ItemCode>
      <ItemType>1</ItemType>
      <ItemName>מילקה ביסקוויט 150ג</ItemName>
      <ManufactureName>דיפלומט בעמ</ManufactureName>
      <ManufactureCountry />
      <ManufactureItemDescription />
      <UnitQty>י"ח</UnitQty>
      <Quantity>150</Quantity>
      <UnitMeasure>ל  גרם</UnitMeasure>
      <BisWeighted>0</BisWeighted>
      <QtyInPackage>1</QtyInPackage>
      <ItemPrice>12.90</ItemPrice>
      <UnitOfMeasurePrice>8.60</UnitOfMeasurePrice>
      <AllowDiscount>1</AllowDiscount>
      <itemStatus>1</itemStatus>
      <LastUpdateDate />
      <LastUpdateTime />
    </Product>
    <Product>
      <PriceUpdateDate>2013/11/14 13:24</PriceUpdateDate>
      <ItemCode>7622300270506</ItemCode>
      <ItemType>1</ItemType>
      <ItemName>מילקה גריינס עוגיות</ItemName>
      <ManufactureName>דיפלומט בעמ</ManufactureName>
      <ManufactureCountry />
      <ManufactureItemDescription />
      <UnitQty>י"ח</UnitQty>
      <Quantity>168</Quantity>
      <UnitMeasure>ל  גרם</UnitMeasure>
      <BisWeighted>0</BisWeighted>
      <QtyInPackage>1</QtyInPackage>
      <ItemPrice>14</ItemPrice>
      <UnitOfMeasurePrice>8.33</UnitOfMeasurePrice>
      <AllowDiscount>1</AllowDiscount>
      <itemStatus>1</itemStatus>
      <LastUpdateDate />
      <LastUpdateTime />
    </Product>
    <Product>
      <PriceUpdateDate>2013/11/14 13:24</PriceUpdateDate>
      <ItemCode>7622300356767</ItemCode>
      <ItemType>1</ItemType>
      <ItemName>עוגיות עם גרנולה וחתיכות של שוקולד חלב</ItemName>
      <ManufactureName>דיפלומט בעמ</ManufactureName>
      <ManufactureCountry />
      <ManufactureItemDescription />
      <UnitQty>י"ח</UnitQty>
      <Quantity>250</Quantity>
      <UnitMeasure>ל  גרם</UnitMeasure>
      <BisWeighted>0</BisWeighted>
      <QtyInPackage>1</QtyInPackage>
      <ItemPrice>14</ItemPrice>
      <UnitOfMeasurePrice>5.60</UnitOfMeasurePrice>
      <AllowDiscount>1</AllowDiscount>
      <itemStatus>1</itemStatus>
      <LastUpdateDate />
      <LastUpdateTime />
    </Product>
    <Product>
      <PriceUpdateDate>2015/12/01 10:53</PriceUpdateDate>
      <ItemCode>7622300495046</ItemCode>
      <ItemType>1</ItemType>
      <ItemName>מילקה אקסטרה קקאו  100 ג</ItemName>
      <ManufactureName>דיפלומט בעמ</ManufactureName>
      <ManufactureCountry />
      <ManufactureItemDescription />
      <UnitQty>י"ח</UnitQty>
      <Quantity>100</Quantity>
      <UnitMeasure>ל  גרם</UnitMeasure>
      <BisWeighted>0</BisWeighted>
      <QtyInPackage>1</QtyInPackage>
      <ItemPrice>5.90</ItemPrice>
      <UnitOfMeasurePrice>5.90</UnitOfMeasurePrice>
      <AllowDiscount>1</AllowDiscount>
      <itemStatus>1</itemStatus>
      <LastUpdateDate />
      <LastUpdateTime />
    </Product>
    <Product>
      <PriceUpdateDate>2015/12/01 10:53</PriceUpdateDate>
      <ItemCode>7622300498429</ItemCode>
      <ItemType>1</ItemType>
      <ItemName>שוקולד מילקה קרם תות 100גר</ItemName>
      <ManufactureName>דיפלומט בעמ</ManufactureName>
      <ManufactureCountry />
      <ManufactureItemDescription />
      <UnitQty>י"ח</UnitQty>
      <Quantity>1</Quantity>
      <UnitMeasure />
      <BisWeighted>0</BisWeighted>
      <QtyInPackage>1</QtyInPackage>
      <ItemPrice>5.90</ItemPrice>
      <UnitOfMeasurePrice>5.90</UnitOfMeasurePrice>
      <AllowDiscount>1</AllowDiscount>
      <itemStatus>1</itemStatus>
      <LastUpdateDate />
      <LastUpdateTime />
    </Product>
    <Product>
      <PriceUpdateDate>2013/11/14 13:25</PriceUpdateDate>
      <ItemCode>7622300503079</ItemCode>
      <ItemType>1</ItemType>
      <ItemName>מילקה מוו ביסקויט</ItemName>
      <ManufactureName>דיפלומט בעמ</ManufactureName>
      <ManufactureCountry />
      <ManufactureItemDescription />
      <UnitQty>י"ח</UnitQty>
      <Quantity>200</Quantity>
      <UnitMeasure>ל  גרם</UnitMeasure>
      <BisWeighted>0</BisWeighted>
      <QtyInPackage>1</QtyInPackage>
      <ItemPrice>14</ItemPrice>
      <UnitOfMeasurePrice>7</UnitOfMeasurePrice>
      <AllowDiscount>1</AllowDiscount>
      <itemStatus>1</itemStatus>
      <LastUpdateDate />
      <LastUpdateTime />
    </Product>
    <Product>
      <PriceUpdateDate>2015/12/01 10:53</PriceUpdateDate>
      <ItemCode>7622300617820</ItemCode>
      <ItemType>1</ItemType>
      <ItemName>מילקה אוראו  100 ג</ItemName>
      <ManufactureName>דיפלומט בעמ</ManufactureName>
      <ManufactureCountry />
      <ManufactureItemDescription />
      <UnitQty>י"ח</UnitQty>
      <Quantity>100</Quantity>
      <UnitMeasure>ל  גרם</UnitMeasure>
      <BisWeighted>0</BisWeighted>
      <QtyInPackage>1</QtyInPackage>
      <ItemPrice>5.90</ItemPrice>
      <UnitOfMeasurePrice>5.90</UnitOfMeasurePrice>
      <AllowDiscount>1</AllowDiscount>
      <itemStatus>1</itemStatus>
      <LastUpdateDate />
      <LastUpdateTime />
    </Product>
    <Product>
      <PriceUpdateDate>2017/01/12 10:40</PriceUpdateDate>
      <ItemCode>7622300761363</ItemCode>
      <ItemType>1</ItemType>
      <ItemName>עוגיות מיני אוראו קרם שקולד  67גר.</ItemName>
      <ManufactureName>רזיט שיווק בעמ</ManufactureName>
      <ManufactureCountry />
      <ManufactureItemDescription />
      <UnitQty>י"ח</UnitQty>
      <Quantity>67</Quantity>
      <UnitMeasure>ל  גרם</UnitMeasure>
      <BisWeighted>0</BisWeighted>
      <QtyInPackage>1</QtyInPackage>
      <ItemPrice>5.90</ItemPrice>
      <UnitOfMeasurePrice>8.81</UnitOfMeasurePrice>
      <AllowDiscount>1</AllowDiscount>
      <itemStatus>1</itemStatus>
      <LastUpdateDate />
      <LastUpdateTime />
    </Product>
    <Product>
      <PriceUpdateDate>2020/05/01 08:05</PriceUpdateDate>
      <ItemCode>7640166793991</ItemCode>
      <ItemType>1</ItemType>
      <ItemName>מוצרלה כדור 125גר נטו</ItemName>
      <ManufactureName>נטו מלינדה סחר בעמ</ManufactureName>
      <ManufactureCountry />
      <ManufactureItemDescription />
      <UnitQty>י"ח</UnitQty>
      <Quantity>125</Quantity>
      <UnitMeasure>ל  גרם</UnitMeasure>
      <BisWeighted>0</BisWeighted>
      <QtyInPackage>1</QtyInPackage>
      <ItemPrice>12</ItemPrice>
      <UnitOfMeasurePrice>9.60</UnitOfMeasurePrice>
      <AllowDiscount>1</AllowDiscount>
      <itemStatus>1</itemStatus>
      <LastUpdateDate />
      <LastUpdateTime />
    </Product>
    <Product>
      <PriceUpdateDate>2016/08/28 09:34</PriceUpdateDate>
      <ItemCode>7702018978120</ItemCode>
      <ItemType>1</ItemType>
      <ItemName>דאודורנט ג`ילט קליר ג`ל CW 70 מל</ItemName>
      <ManufactureName>דיפלומט מפיצים 1968 בעמ</ManufactureName>
      <ManufactureCountry />
      <ManufactureItemDescription />
      <UnitQty>י"ח</UnitQty>
      <Quantity>1</Quantity>
      <UnitMeasure>י"ח</UnitMeasure>
      <BisWeighted>0</BisWeighted>
      <QtyInPackage>1</QtyInPackage>
      <ItemPrice>25.90</ItemPrice>
      <UnitOfMeasurePrice>25.90</UnitOfMeasurePrice>
      <AllowDiscount>1</AllowDiscount>
      <itemStatus>1</itemStatus>
      <LastUpdateDate />
      <LastUpdateTime />
    </Product>
    <Product>
      <PriceUpdateDate>2018/07/15 10:30</PriceUpdateDate>
      <ItemCode>7702024074625</ItemCode>
      <ItemType>1</ItemType>
      <ItemName>פיטנס חטיפי קרקר חיטה מלאה 234גר</ItemName>
      <ManufactureName>קבוצת אוסם סחר-שות.מוגבלת</ManufactureName>
      <ManufactureCountry />
      <ManufactureItemDescription />
      <UnitQty>י"ח</UnitQty>
      <Quantity>234</Quantity>
      <UnitMeasure>ל  גרם</UnitMeasure>
      <BisWeighted>0</BisWeighted>
      <QtyInPackage>1</QtyInPackage>
      <ItemPrice>11.90</ItemPrice>
      <UnitOfMeasurePrice>5.09</UnitOfMeasurePrice>
      <AllowDiscount>0</AllowDiscount>
      <itemStatus>1</itemStatus>
      <LastUpdateDate />
      <LastUpdateTime />
    </Product>
    <Product>
      <PriceUpdateDate>2019/09/19 14:30</PriceUpdateDate>
      <ItemCode>7702174066631</ItemCode>
      <ItemType>1</ItemType>
      <ItemName>לקקן פין פופ 10 יח`180גר`</ItemName>
      <ManufactureName>ליימן שליסל</ManufactureName>
      <ManufactureCountry />
      <ManufactureItemDescription />
      <UnitQty>י"ח</UnitQty>
      <Quantity>180</Quantity>
      <UnitMeasure>ל  מ"ל</UnitMeasure>
      <BisWeighted>0</BisWeighted>
      <QtyInPackage>1</QtyInPackage>
      <ItemPrice>8.90</ItemPrice>
      <UnitOfMeasurePrice>4.94</UnitOfMeasurePrice>
      <AllowDiscount>0</AllowDiscount>
      <itemStatus>1</itemStatus>
      <LastUpdateDate />
      <LastUpdateTime />
    </Product>
    <Product>
      <PriceUpdateDate>2018/12/25 13:23</PriceUpdateDate>
      <ItemCode>7702174068826</ItemCode>
      <ItemType>1</ItemType>
      <ItemName>לקקן 12 יחידות</ItemName>
      <ManufactureName>ליימן שליסל</ManufactureName>
      <ManufactureCountry />
      <ManufactureItemDescription />
      <UnitQty>י"ח</UnitQty>
      <Quantity>216</Quantity>
      <UnitMeasure>ל  גרם</UnitMeasure>
      <BisWeighted>0</BisWeighted>
      <QtyInPackage>1</QtyInPackage>
      <ItemPrice>11.90</ItemPrice>
      <UnitOfMeasurePrice>5.51</UnitOfMeasurePrice>
      <AllowDiscount>1</AllowDiscount>
      <itemStatus>1</itemStatus>
      <LastUpdateDate />
      <LastUpdateTime />
    </Product>
    <Product>
      <PriceUpdateDate>2018/12/25 13:23</PriceUpdateDate>
      <ItemCode>7702174068833</ItemCode>
      <ItemType>1</ItemType>
      <ItemName>לקקן יוגטה טעמי גלידה</ItemName>
      <ManufactureName>ליימן שליסל</ManufactureName>
      <ManufactureCountry />
      <ManufactureItemDescription />
      <UnitQty>י"ח</UnitQty>
      <Quantity>216</Quantity>
      <UnitMeasure>ל  גרם</UnitMeasure>
      <BisWeighted>0</BisWeighted>
      <QtyInPackage>1</QtyInPackage>
      <ItemPrice>11.90</ItemPrice>
      <UnitOfMeasurePrice>5.51</UnitOfMeasurePrice>
      <AllowDiscount>1</AllowDiscount>
      <itemStatus>1</itemStatus>
      <LastUpdateDate />
      <LastUpdateTime />
    </Product>
    <Product>
      <PriceUpdateDate>2019/09/19 14:30</PriceUpdateDate>
      <ItemCode>7702174073783</ItemCode>
      <ItemType>1</ItemType>
      <ItemName>לקקן פין פופ 10יח טעם קולה</ItemName>
      <ManufactureName>ליימן שליסל</ManufactureName>
      <ManufactureCountry />
      <ManufactureItemDescription />
      <UnitQty>י"ח</UnitQty>
      <Quantity>216</Quantity>
      <UnitMeasure>ל  גרם</UnitMeasure>
      <BisWeighted>0</BisWeighted>
      <QtyInPackage>1</QtyInPackage>
      <ItemPrice>8.90</ItemPrice>
      <UnitOfMeasurePrice>4.12</UnitOfMeasurePrice>
      <AllowDiscount>0</AllowDiscount>
      <itemStatus>1</itemStatus>
      <LastUpdateDate />
      <LastUpdateTime />
    </Product>
    <Product>
      <PriceUpdateDate>2020/01/01 13:28</PriceUpdateDate>
      <ItemCode>7805000784027</ItemCode>
      <ItemType>1</ItemType>
      <ItemName>רקסונה סטיק נשים טלק</ItemName>
      <ManufactureName>יוניליוור ישראל שיווק בעמ</ManufactureName>
      <ManufactureCountry />
      <ManufactureItemDescription />
      <UnitQty>י"ח</UnitQty>
      <Quantity>1</Quantity>
      <UnitMeasure />
      <BisWeighted>0</BisWeighted>
      <QtyInPackage>1</QtyInPackage>
      <ItemPrice>14.90</ItemPrice>
      <UnitOfMeasurePrice>14.90</UnitOfMeasurePrice>
      <AllowDiscount>0</AllowDiscount>
      <itemStatus>1</itemStatus>
      <LastUpdateDate />
      <LastUpdateTime />
    </Product>
    <Product>
      <PriceUpdateDate>2016/01/05 11:26</PriceUpdateDate>
      <ItemCode>7891024030974</ItemCode>
      <ItemType>1</ItemType>
      <ItemName>קולגייט  טריפל אקשן 75מ"ל</ItemName>
      <ManufactureName>ש.שסטוביץ בעמ</ManufactureName>
      <ManufactureCountry />
      <ManufactureItemDescription />
      <UnitQty>י"ח</UnitQty>
      <Quantity>75</Quantity>
      <UnitMeasure>ל  מ"ל</UnitMeasure>
      <BisWeighted>0</BisWeighted>
      <QtyInPackage>1</QtyInPackage>
      <ItemPrice>5.90</ItemPrice>
      <UnitOfMeasurePrice>7.87</UnitOfMeasurePrice>
      <AllowDiscount>1</AllowDiscount>
      <itemStatus>1</itemStatus>
      <LastUpdateDate />
      <LastUpdateTime />
    </Product>
    <Product>
      <PriceUpdateDate>2013/12/12 16:04</PriceUpdateDate>
      <ItemCode>8000113003402</ItemCode>
      <ItemType>1</ItemType>
      <ItemName>קמח תירס 1 ק"ג</ItemName>
      <ManufactureName>גורי מוצרי צריכה בעמ</ManufactureName>
      <ManufactureCountry />
      <ManufactureItemDescription />
      <UnitQty>י"ח</UnitQty>
      <Quantity>1</Quantity>
      <UnitMeasure>ק"ג</UnitMeasure>
      <BisWeighted>0</BisWeighted>
      <QtyInPackage>1</QtyInPackage>
      <ItemPrice>15.20</ItemPrice>
      <UnitOfMeasurePrice>15.20</UnitOfMeasurePrice>
      <AllowDiscount>0</AllowDiscount>
      <itemStatus>1</itemStatus>
      <LastUpdateDate />
      <LastUpdateTime />
    </Product>
    <Product>
      <PriceUpdateDate>2013/12/03 13:51</PriceUpdateDate>
      <ItemCode>8000380004676</ItemCode>
      <ItemType>1</ItemType>
      <ItemName>וופל לואקר  וניל סנדוויץ 200 ג`</ItemName>
      <ManufactureName>ליימן שליסל</ManufactureName>
      <ManufactureCountry />
      <ManufactureItemDescription />
      <UnitQty>י"ח</UnitQty>
      <Quantity>200</Quantity>
      <UnitMeasure>ל  גרם</UnitMeasure>
      <BisWeighted>0</BisWeighted>
      <QtyInPackage>1</QtyInPackage>
      <ItemPrice>12.90</ItemPrice>
      <UnitOfMeasurePrice>6.45</UnitOfMeasurePrice>
      <AllowDiscount>1</AllowDiscount>
      <itemStatus>1</itemStatus>
      <LastUpdateDate />
      <LastUpdateTime />
    </Product>
    <Product>
      <PriceUpdateDate>2017/12/20 06:59</PriceUpdateDate>
      <ItemCode>8000380004911</ItemCode>
      <ItemType>1</ItemType>
      <ItemName>לואקר קוארדטיני אגוז 250גר`.</ItemName>
      <ManufactureName>ליימן שליסל</ManufactureName>
      <ManufactureCountry />
      <ManufactureItemDescription />
      <UnitQty>י"ח</UnitQty>
      <Quantity>250</Quantity>
      <UnitMeasure>ל  גרם</UnitMeasure>
      <BisWeighted>0</BisWeighted>
      <QtyInPackage>1</QtyInPackage>
      <ItemPrice>13.90</ItemPrice>
      <UnitOfMeasurePrice>5.56</UnitOfMeasurePrice>
      <AllowDiscount>0</AllowDiscount>
      <itemStatus>1</itemStatus>
      <LastUpdateDate />
      <LastUpdateTime />
    </Product>
    <Product>
      <PriceUpdateDate>2017/12/20 06:59</PriceUpdateDate>
      <ItemCode>8000380004966</ItemCode>
      <ItemType>1</ItemType>
      <ItemName>קואדרטיטני  שוקולד 250ג</ItemName>
      <ManufactureName>ליימן שליסל</ManufactureName>
      <ManufactureCountry />
      <ManufactureItemDescription />
      <UnitQty>י"ח</UnitQty>
      <Quantity>250</Quantity>
      <UnitMeasure>ל  גרם</UnitMeasure>
      <BisWeighted>0</BisWeighted>
      <QtyInPackage>1</QtyInPackage>
      <ItemPrice>13.90</ItemPrice>
      <UnitOfMeasurePrice>5.56</UnitOfMeasurePrice>
      <AllowDiscount>0</AllowDiscount>
      <itemStatus>1</itemStatus>
      <LastUpdateDate />
      <LastUpdateTime />
    </Product>
    <Product>
      <PriceUpdateDate>2014/06/01 17:37</PriceUpdateDate>
      <ItemCode>8000380007219</ItemCode>
      <ItemType>1</ItemType>
      <ItemName>וופל לואקר אגוז 175 גרם</ItemName>
      <ManufactureName>ליימן שליסל</ManufactureName>
      <ManufactureCountry />
      <ManufactureItemDescription />
      <UnitQty>י"ח</UnitQty>
      <Quantity>175</Quantity>
      <UnitMeasure>ל  גרם</UnitMeasure>
      <BisWeighted>0</BisWeighted>
      <QtyInPackage>1</QtyInPackage>
      <ItemPrice>11.80</ItemPrice>
      <UnitOfMeasurePrice>6.74</UnitOfMeasurePrice>
      <AllowDiscount>0</AllowDiscount>
      <itemStatus>1</itemStatus>
      <LastUpdateDate />
      <LastUpdateTime />
    </Product>
    <Product>
      <PriceUpdateDate>2013/12/03 13:50</PriceUpdateDate>
      <ItemCode>8000380007257</ItemCode>
      <ItemType>1</ItemType>
      <ItemName>וופל גרדנה 200 ג  מצופה</ItemName>
      <ManufactureName>ליימן שליסל</ManufactureName>
      <ManufactureCountry />
      <ManufactureItemDescription />
      <UnitQty>י"ח</UnitQty>
      <Quantity>200</Quantity>
      <UnitMeasure>ל  גרם</UnitMeasure>
      <BisWeighted>0</BisWeighted>
      <QtyInPackage>1</QtyInPackage>
      <ItemPrice>14.50</ItemPrice>
      <UnitOfMeasurePrice>7.25</UnitOfMeasurePrice>
      <AllowDiscount>0</AllowDiscount>
      <itemStatus>1</itemStatus>
      <LastUpdateDate />
      <LastUpdateTime />
    </Product>
    <Product>
      <PriceUpdateDate>2013/12/03 14:02</PriceUpdateDate>
      <ItemCode>8000380144044</ItemCode>
      <ItemType>1</ItemType>
      <ItemName>וופל גרנדה שוקולד</ItemName>
      <ManufactureName>ליימן שליסל</ManufactureName>
      <ManufactureCountry />
      <ManufactureItemDescription />
      <UnitQty>י"ח</UnitQty>
      <Quantity>200</Quantity>
      <UnitMeasure>ל  גרם</UnitMeasure>
      <BisWeighted>0</BisWeighted>
      <QtyInPackage>1</QtyInPackage>
      <ItemPrice>14.50</ItemPrice>
      <UnitOfMeasurePrice>7.25</UnitOfMeasurePrice>
      <AllowDiscount>0</AllowDiscount>
      <itemStatus>1</itemStatus>
      <LastUpdateDate />
      <LastUpdateTime />
    </Product>
    <Product>
      <PriceUpdateDate>2013/12/03 15:21</PriceUpdateDate>
      <ItemCode>8000380154791</ItemCode>
      <ItemType>1</ItemType>
      <ItemName>טורטינה שלישיה קלאסק</ItemName>
      <ManufactureName>ליימן שליסל</ManufactureName>
      <ManufactureCountry />
      <ManufactureItemDescription />
      <UnitQty>י"ח</UnitQty>
      <Quantity>3</Quantity>
      <UnitMeasure>י"ח</UnitMeasure>
      <BisWeighted>0</BisWeighted>
      <QtyInPackage>1</QtyInPackage>
      <ItemPrice>11.20</ItemPrice>
      <UnitOfMeasurePrice>3.73</UnitOfMeasurePrice>
      <AllowDiscount>1</AllowDiscount>
      <itemStatus>1</itemStatus>
      <LastUpdateDate />
      <LastUpdateTime />
    </Product>
    <Product>
      <PriceUpdateDate>2016/11/27 17:45</PriceUpdateDate>
      <ItemCode>8000392900010</ItemCode>
      <ItemType>1</ItemType>
      <ItemName>מגב אייפל מסיליקון 45ס"מ+מקל מיוחד.</ItemName>
      <ManufactureName>*** מ.א.ייצור ויבוא מטליות</ManufactureName>
      <ManufactureCountry />
      <ManufactureItemDescription />
      <UnitQty>י"ח</UnitQty>
      <Quantity>1</Quantity>
      <UnitMeasure>י"ח</UnitMeasure>
      <BisWeighted>0</BisWeighted>
      <QtyInPackage>1</QtyInPackage>
      <ItemPrice>59.90</ItemPrice>
      <UnitOfMeasurePrice>59.90</UnitOfMeasurePrice>
      <AllowDiscount>0</AllowDiscount>
      <itemStatus>1</itemStatus>
      <LastUpdateDate />
      <LastUpdateTime />
    </Product>
    <Product>
      <PriceUpdateDate>2020/01/14 11:22</PriceUpdateDate>
      <ItemCode>8000500023624</ItemCode>
      <ItemType>1</ItemType>
      <ItemName>הפי היפו 10 חמישיות</ItemName>
      <ManufactureName>פרימיום - חברה לדברי מתיקה ולמ</ManufactureName>
      <ManufactureCountry />
      <ManufactureItemDescription />
      <UnitQty>י"ח</UnitQty>
      <Quantity>90</Quantity>
      <UnitMeasure>ל  גרם</UnitMeasure>
      <BisWeighted>0</BisWeighted>
      <QtyInPackage>1</QtyInPackage>
      <ItemPrice>12.90</ItemPrice>
      <UnitOfMeasurePrice>14.33</UnitOfMeasurePrice>
      <AllowDiscount>0</AllowDiscount>
      <itemStatus>1</itemStatus>
      <LastUpdateDate />
      <LastUpdateTime />
    </Product>
    <Product>
      <PriceUpdateDate>2015/08/11 08:45</PriceUpdateDate>
      <ItemCode>8000500023976</ItemCode>
      <ItemType>1</ItemType>
      <ItemName>בונבוניירת רפאלו 150 ג</ItemName>
      <ManufactureName>פרימיום - חברה לדברי מתיקה ולמ</ManufactureName>
      <ManufactureCountry />
      <ManufactureItemDescription />
      <UnitQty>י"ח</UnitQty>
      <Quantity>150</Quantity>
      <UnitMeasure>ל  גרם</UnitMeasure>
      <BisWeighted>0</BisWeighted>
      <QtyInPackage>1</QtyInPackage>
      <ItemPrice>15.90</ItemPrice>
      <UnitOfMeasurePrice>10.60</UnitOfMeasurePrice>
      <AllowDiscount>0</AllowDiscount>
      <itemStatus>1</itemStatus>
      <LastUpdateDate />
      <LastUpdateTime />
    </Product>
    <Product>
      <PriceUpdateDate>2019/12/25 09:23</PriceUpdateDate>
      <ItemCode>8000500026731</ItemCode>
      <ItemType>1</ItemType>
      <ItemName>ביצי שוקולד קינדר}{1|3</ItemName>
      <ManufactureName>פרימיום - חברה לדברי מתיקה ולמ</ManufactureName>
      <ManufactureCountry />
      <ManufactureItemDescription />
      <UnitQty>י"ח</UnitQty>
      <Quantity>60</Quantity>
      <UnitMeasure>ל  גרם</UnitMeasure>
      <BisWeighted>0</BisWeighted>
      <QtyInPackage>1</QtyInPackage>
      <ItemPrice>15.90</ItemPrice>
      <UnitOfMeasurePrice>26.50</UnitOfMeasurePrice>
      <AllowDiscount>0</AllowDiscount>
      <itemStatus>1</itemStatus>
      <LastUpdateDate />
      <LastUpdateTime />
    </Product>
    <Product>
      <PriceUpdateDate>2015/01/01 08:21</PriceUpdateDate>
      <ItemCode>8000500029350</ItemCode>
      <ItemType>1</ItemType>
      <ItemName>קינדר בואנו שלישייה</ItemName>
      <ManufactureName>פרימיום - חברה לדברי מתיקה ולמ</ManufactureName>
      <ManufactureCountry />
      <ManufactureItemDescription />
      <UnitQty>י"ח</UnitQty>
      <Quantity>120</Quantity>
      <UnitMeasure>ל  גרם</UnitMeasure>
      <BisWeighted>0</BisWeighted>
      <QtyInPackage>1</QtyInPackage>
      <ItemPrice>12.90</ItemPrice>
      <UnitOfMeasurePrice>10.75</UnitOfMeasurePrice>
      <AllowDiscount>0</AllowDiscount>
      <itemStatus>1</itemStatus>
      <LastUpdateDate />
      <LastUpdateTime />
    </Product>
    <Product>
      <PriceUpdateDate>2019/07/09 08:16</PriceUpdateDate>
      <ItemCode>8000500045497</ItemCode>
      <ItemType>1</ItemType>
      <ItemName>ממרח אגוזי לוז עם קקאו בתוספת מקלות אפוי</ItemName>
      <ManufactureName>פרימיום - חברה לדברי מתיקה ולמ</ManufactureName>
      <ManufactureCountry />
      <ManufactureItemDescription />
      <UnitQty>י"ח</UnitQty>
      <Quantity>1</Quantity>
      <UnitMeasure>י"ח</UnitMeasure>
      <BisWeighted>0</BisWeighted>
      <QtyInPackage>1</QtyInPackage>
      <ItemPrice>9.90</ItemPrice>
      <UnitOfMeasurePrice>9.90</UnitOfMeasurePrice>
      <AllowDiscount>0</AllowDiscount>
      <itemStatus>1</itemStatus>
      <LastUpdateDate />
      <LastUpdateTime />
    </Product>
    <Product>
      <PriceUpdateDate>2019/10/28 09:21</PriceUpdateDate>
      <ItemCode>8000500071083</ItemCode>
      <ItemType>1</ItemType>
      <ItemName>קינדר שוקולד 200 גרם</ItemName>
      <ManufactureName>פרימיום - חברה לדברי מתיקה ולמ</ManufactureName>
      <ManufactureCountry />
      <ManufactureItemDescription />
      <UnitQty>י"ח</UnitQty>
      <Quantity>200</Quantity>
      <UnitMeasure>ל  גרם</UnitMeasure>
      <BisWeighted>0</BisWeighted>
      <QtyInPackage>1</QtyInPackage>
      <ItemPrice>16.90</ItemPrice>
      <UnitOfMeasurePrice>8.45</UnitOfMeasurePrice>
      <AllowDiscount>0</AllowDiscount>
      <itemStatus>1</itemStatus>
      <LastUpdateDate />
      <LastUpdateTime />
    </Product>
    <Product>
      <PriceUpdateDate>2020/01/01 13:54</PriceUpdateDate>
      <ItemCode>8000500075708</ItemCode>
      <ItemType>1</ItemType>
      <ItemName>קינדר ג וי שלשות כחול</ItemName>
      <ManufactureName>פרימיום - חברה לדברי מתיקה ולמ</ManufactureName>
      <ManufactureCountry />
      <ManufactureItemDescription />
      <UnitQty>י"ח</UnitQty>
      <Quantity>3</Quantity>
      <UnitMeasure>י"ח</UnitMeasure>
      <BisWeighted>0</BisWeighted>
      <QtyInPackage>1</QtyInPackage>
      <ItemPrice>14.90</ItemPrice>
      <UnitOfMeasurePrice>4.97</UnitOfMeasurePrice>
      <AllowDiscount>0</AllowDiscount>
      <itemStatus>1</itemStatus>
      <LastUpdateDate />
      <LastUpdateTime />
    </Product>
    <Product>
      <PriceUpdateDate>2020/01/01 13:54</PriceUpdateDate>
      <ItemCode>8000500126325</ItemCode>
      <ItemType>1</ItemType>
      <ItemName>קינדר ג וי שלשות ורוד</ItemName>
      <ManufactureName>פרימיום - חברה לדברי מתיקה ולמ</ManufactureName>
      <ManufactureCountry />
      <ManufactureItemDescription />
      <UnitQty>י"ח</UnitQty>
      <Quantity>3</Quantity>
      <UnitMeasure>י"ח</UnitMeasure>
      <BisWeighted>0</BisWeighted>
      <QtyInPackage>1</QtyInPackage>
      <ItemPrice>14.90</ItemPrice>
      <UnitOfMeasurePrice>4.97</UnitOfMeasurePrice>
      <AllowDiscount>0</AllowDiscount>
      <itemStatus>1</itemStatus>
      <LastUpdateDate />
      <LastUpdateTime />
    </Product>
    <Product>
      <PriceUpdateDate>2020/01/07 09:27</PriceUpdateDate>
      <ItemCode>8000500167656</ItemCode>
      <ItemType>1</ItemType>
      <ItemName>קינדר שוקולד עם חלב ודגנים  96ג</ItemName>
      <ManufactureName>פרימיום - חברה לדברי מתיקה ולמ</ManufactureName>
      <ManufactureCountry />
      <ManufactureItemDescription />
      <UnitQty>י"ח</UnitQty>
      <Quantity>96</Quantity>
      <UnitMeasure>ל  גרם</UnitMeasure>
      <BisWeighted>0</BisWeighted>
      <QtyInPackage>1</QtyInPackage>
      <ItemPrice>7.70</ItemPrice>
      <UnitOfMeasurePrice>8.02</UnitOfMeasurePrice>
      <AllowDiscount>0</AllowDiscount>
      <itemStatus>1</itemStatus>
      <LastUpdateDate />
      <LastUpdateTime />
    </Product>
    <Product>
      <PriceUpdateDate>2018/07/16 15:53</PriceUpdateDate>
      <ItemCode>8000500214114</ItemCode>
      <ItemType>1</ItemType>
      <ItemName>קינדר בואנו מריר</ItemName>
      <ManufactureName>פרימיום - חברה לדברי מתיקה ולמ</ManufactureName>
      <ManufactureCountry />
      <ManufactureItemDescription />
      <UnitQty>י"ח</UnitQty>
      <Quantity>1</Quantity>
      <UnitMeasure />
      <BisWeighted>0</BisWeighted>
      <QtyInPackage>1</QtyInPackage>
      <ItemPrice>5</ItemPrice>
      <UnitOfMeasurePrice>5</UnitOfMeasurePrice>
      <AllowDiscount>1</AllowDiscount>
      <itemStatus>1</itemStatus>
      <LastUpdateDate />
      <LastUpdateTime />
    </Product>
    <Product>
      <PriceUpdateDate>2018/05/23 12:58</PriceUpdateDate>
      <ItemCode>8000500227848</ItemCode>
      <ItemType>1</ItemType>
      <ItemName>וופל נוטלה  בי רדי שישייה 132ג</ItemName>
      <ManufactureName>פרימיום - חברה לדברי מתיקה ולמ</ManufactureName>
      <ManufactureCountry />
      <ManufactureItemDescription />
      <UnitQty>י"ח</UnitQty>
      <Quantity>132</Quantity>
      <UnitMeasure>ל  גרם</UnitMeasure>
      <BisWeighted>0</BisWeighted>
      <QtyInPackage>1</QtyInPackage>
      <ItemPrice>12.90</ItemPrice>
      <UnitOfMeasurePrice>9.77</UnitOfMeasurePrice>
      <AllowDiscount>0</AllowDiscount>
      <itemStatus>1</itemStatus>
      <LastUpdateDate />
      <LastUpdateTime />
    </Product>
    <Product>
      <PriceUpdateDate>2017/06/12 12:25</PriceUpdateDate>
      <ItemCode>8000500244906</ItemCode>
      <ItemType>1</ItemType>
      <ItemName>טיק טק מיקסרס דובדבן קולה  29ג</ItemName>
      <ManufactureName>פרימיום - חברה לדברי מתיקה ולמ</ManufactureName>
      <ManufactureCountry />
      <ManufactureItemDescription />
      <UnitQty>י"ח</UnitQty>
      <Quantity>29</Quantity>
      <UnitMeasure>ל  גרם</UnitMeasure>
      <BisWeighted>0</BisWeighted>
      <QtyInPackage>1</QtyInPackage>
      <ItemPrice>5.90</ItemPrice>
      <UnitOfMeasurePrice>20.34</UnitOfMeasurePrice>
      <AllowDiscount>0</AllowDiscount>
      <itemStatus>1</itemStatus>
      <LastUpdateDate />
      <LastUpdateTime />
    </Product>
    <Product>
      <PriceUpdateDate>2017/10/03 11:43</PriceUpdateDate>
      <ItemCode>8000500249352</ItemCode>
      <ItemType>1</ItemType>
      <ItemName>קינדר בואנו מיני מיקס</ItemName>
      <ManufactureName>פרימיום - חברה לדברי מתיקה ולמ</ManufactureName>
      <ManufactureCountry />
      <ManufactureItemDescription />
      <UnitQty>י"ח</UnitQty>
      <Quantity>3</Quantity>
      <UnitMeasure>י"ח</UnitMeasure>
      <BisWeighted>0</BisWeighted>
      <QtyInPackage>1</QtyInPackage>
      <ItemPrice>19.90</ItemPrice>
      <UnitOfMeasurePrice>6.63</UnitOfMeasurePrice>
      <AllowDiscount>1</AllowDiscount>
      <itemStatus>1</itemStatus>
      <LastUpdateDate />
      <LastUpdateTime />
    </Product>
    <Product>
      <PriceUpdateDate>2018/08/12 11:47</PriceUpdateDate>
      <ItemCode>8000500267103</ItemCode>
      <ItemType>1</ItemType>
      <ItemName>קינדר דליס  }עוגות{</ItemName>
      <ManufactureName>פרימיום - חברה לדברי מתיקה ולמ</ManufactureName>
      <ManufactureCountry />
      <ManufactureItemDescription />
      <UnitQty>י"ח</UnitQty>
      <Quantity>4.20</Quantity>
      <UnitMeasure>י"ח</UnitMeasure>
      <BisWeighted>0</BisWeighted>
      <QtyInPackage>1</QtyInPackage>
      <ItemPrice>19.90</ItemPrice>
      <UnitOfMeasurePrice>4.74</UnitOfMeasurePrice>
      <AllowDiscount>0</AllowDiscount>
      <itemStatus>1</itemStatus>
      <LastUpdateDate />
      <LastUpdateTime />
    </Product>
    <Product>
      <PriceUpdateDate>2020/03/24 11:56</PriceUpdateDate>
      <ItemCode>8000500268568</ItemCode>
      <ItemType>1</ItemType>
      <ItemName>קינדר בואנו קוקוס שלשות</ItemName>
      <ManufactureName>פרימיום - חברה לדברי מתיקה ולמ</ManufactureName>
      <ManufactureCountry />
      <ManufactureItemDescription />
      <UnitQty>י"ח</UnitQty>
      <Quantity>3</Quantity>
      <UnitMeasure>י"ח</UnitMeasure>
      <BisWeighted>0</BisWeighted>
      <QtyInPackage>1</QtyInPackage>
      <ItemPrice>12.90</ItemPrice>
      <UnitOfMeasurePrice>4.30</UnitOfMeasurePrice>
      <AllowDiscount>0</AllowDiscount>
      <itemStatus>1</itemStatus>
      <LastUpdateDate />
      <LastUpdateTime />
    </Product>
    <Product>
      <PriceUpdateDate>2019/12/24 08:18</PriceUpdateDate>
      <ItemCode>8001090336491</ItemCode>
      <ItemType>1</ItemType>
      <ItemName>פמפרס אקטיב בייבי מידה 4+ 31יח</ItemName>
      <ManufactureName>דיפלומט מפיצים 1968 בעמ</ManufactureName>
      <ManufactureCountry />
      <ManufactureItemDescription />
      <UnitQty>י"ח</UnitQty>
      <Quantity>1</Quantity>
      <UnitMeasure />
      <BisWeighted>0</BisWeighted>
      <QtyInPackage>1</QtyInPackage>
      <ItemPrice>39.90</ItemPrice>
      <UnitOfMeasurePrice>39.90</UnitOfMeasurePrice>
      <AllowDiscount>1</AllowDiscount>
      <itemStatus>1</itemStatus>
      <LastUpdateDate />
      <LastUpdateTime />
    </Product>
    <Product>
      <PriceUpdateDate>2017/08/31 09:57</PriceUpdateDate>
      <ItemCode>8001090458322</ItemCode>
      <ItemType>1</ItemType>
      <ItemName>פיירי ורדים ומשי 1.015ל</ItemName>
      <ManufactureName>דיפלומט מפיצים 1968 בעמ</ManufactureName>
      <ManufactureCountry />
      <ManufactureItemDescription />
      <UnitQty>י"ח</UnitQty>
      <Quantity>1.01</Quantity>
      <UnitMeasure>ליטר</UnitMeasure>
      <BisWeighted>0</BisWeighted>
      <QtyInPackage>1</QtyInPackage>
      <ItemPrice>15.90</ItemPrice>
      <UnitOfMeasurePrice>15.74</UnitOfMeasurePrice>
      <AllowDiscount>1</AllowDiscount>
      <itemStatus>1</itemStatus>
      <LastUpdateDate />
      <LastUpdateTime />
    </Product>
    <Product>
      <PriceUpdateDate>2019/08/25 09:24</PriceUpdateDate>
      <ItemCode>8001090458353</ItemCode>
      <ItemType>1</ItemType>
      <ItemName>פיירי אנטי בקטריאלי 515מ"ל</ItemName>
      <ManufactureName>דיפלומט מפיצים 1968 בעמ</ManufactureName>
      <ManufactureCountry />
      <ManufactureItemDescription />
      <UnitQty>י"ח</UnitQty>
      <Quantity>500</Quantity>
      <UnitMeasure>ל  מ"ל</UnitMeasure>
      <BisWeighted>0</BisWeighted>
      <QtyInPackage>1</QtyInPackage>
      <ItemPrice>9.90</ItemPrice>
      <UnitOfMeasurePrice>1.98</UnitOfMeasurePrice>
      <AllowDiscount>0</AllowDiscount>
      <itemStatus>1</itemStatus>
      <LastUpdateDate />
      <LastUpdateTime />
    </Product>
    <Product>
      <PriceUpdateDate>2018/05/17 10:54</PriceUpdateDate>
      <ItemCode>8001090734044</ItemCode>
      <ItemType>1</ItemType>
      <ItemName>אולדייז מגה פק נורמל פרש 78 יח`</ItemName>
      <ManufactureName>דיפלומט מפיצים 1968 בעמ</ManufactureName>
      <ManufactureCountry />
      <ManufactureItemDescription />
      <UnitQty>י"ח</UnitQty>
      <Quantity>78</Quantity>
      <UnitMeasure>י"ח</UnitMeasure>
      <BisWeighted>0</BisWeighted>
      <QtyInPackage>1</QtyInPackage>
      <ItemPrice>23.90</ItemPrice>
      <UnitOfMeasurePrice>0.31</UnitOfMeasurePrice>
      <AllowDiscount>1</AllowDiscount>
      <itemStatus>1</itemStatus>
      <LastUpdateDate />
      <LastUpdateTime />
    </Product>
    <Product>
      <PriceUpdateDate>2019/05/15 10:28</PriceUpdateDate>
      <ItemCode>8001090802385</ItemCode>
      <ItemType>1</ItemType>
      <ItemName>טייד קפסולות 26יח ניחוח לנור.</ItemName>
      <ManufactureName>דיפלומט מפיצים 1968 בעמ</ManufactureName>
      <ManufactureCountry />
      <ManufactureItemDescription />
      <UnitQty>י"ח</UnitQty>
      <Quantity>26</Quantity>
      <UnitMeasure>י"ח</UnitMeasure>
      <BisWeighted>0</BisWeighted>
      <QtyInPackage>1</QtyInPackage>
      <ItemPrice>29.90</ItemPrice>
      <UnitOfMeasurePrice>1.15</UnitOfMeasurePrice>
      <AllowDiscount>1</AllowDiscount>
      <itemStatus>1</itemStatus>
      <LastUpdateDate />
      <LastUpdateTime />
    </Product>
    <Product>
      <PriceUpdateDate>2018/10/23 11:53</PriceUpdateDate>
      <ItemCode>8001090810120</ItemCode>
      <ItemType>1</ItemType>
      <ItemName>פנטן מרכך מרוקאי משקם 500מ"ל</ItemName>
      <ManufactureName>דיפלומט מפיצים 1968 בעמ</ManufactureName>
      <ManufactureCountry />
      <ManufactureItemDescription />
      <UnitQty>י"ח</UnitQty>
      <Quantity>500</Quantity>
      <UnitMeasure>ל  מ"ל</UnitMeasure>
      <BisWeighted>0</BisWeighted>
      <QtyInPackage>1</QtyInPackage>
      <ItemPrice>17.90</ItemPrice>
      <UnitOfMeasurePrice>3.58</UnitOfMeasurePrice>
      <AllowDiscount>1</AllowDiscount>
      <itemStatus>1</itemStatus>
      <LastUpdateDate />
      <LastUpdateTime />
    </Product>
    <Product>
      <PriceUpdateDate>2018/10/23 11:53</PriceUpdateDate>
      <ItemCode>8001090810205</ItemCode>
      <ItemType>1</ItemType>
      <ItemName>פנטן שמפו נוסחה קלאסית 500מ"ל</ItemName>
      <ManufactureName>דיפלומט מפיצים 1968 בעמ</ManufactureName>
      <ManufactureCountry />
      <ManufactureItemDescription />
      <UnitQty>י"ח</UnitQty>
      <Quantity>500</Quantity>
      <UnitMeasure>ל  מ"ל</UnitMeasure>
      <BisWeighted>0</BisWeighted>
      <QtyInPackage>1</QtyInPackage>
      <ItemPrice>17.90</ItemPrice>
      <UnitOfMeasurePrice>3.58</UnitOfMeasurePrice>
      <AllowDiscount>1</AllowDiscount>
      <itemStatus>1</itemStatus>
      <LastUpdateDate />
      <LastUpdateTime />
    </Product>
    <Product>
      <PriceUpdateDate>2018/10/23 11:53</PriceUpdateDate>
      <ItemCode>8001090810281</ItemCode>
      <ItemType>1</ItemType>
      <ItemName>פנטן שמפו שמן מרוקאי משקם 500מ"ל</ItemName>
      <ManufactureName>דיפלומט מפיצים 1968 בעמ</ManufactureName>
      <ManufactureCountry />
      <ManufactureItemDescription />
      <UnitQty>י"ח</UnitQty>
      <Quantity>500</Quantity>
      <UnitMeasure>ל  מ"ל</UnitMeasure>
      <BisWeighted>0</BisWeighted>
      <QtyInPackage>1</QtyInPackage>
      <ItemPrice>17.90</ItemPrice>
      <UnitOfMeasurePrice>3.58</UnitOfMeasurePrice>
      <AllowDiscount>1</AllowDiscount>
      <itemStatus>1</itemStatus>
      <LastUpdateDate />
      <LastUpdateTime />
    </Product>
    <Product>
      <PriceUpdateDate>2019/06/13 17:19</PriceUpdateDate>
      <ItemCode>8001090810366</ItemCode>
      <ItemType>1</ItemType>
      <ItemName>פנטן שמפו 3ב1 לחות מוגברת   500מ"ל</ItemName>
      <ManufactureName>דיפלומט מפיצים 1968 בעמ</ManufactureName>
      <ManufactureCountry />
      <ManufactureItemDescription />
      <UnitQty>י"ח</UnitQty>
      <Quantity>500</Quantity>
      <UnitMeasure>ל  מ"ל</UnitMeasure>
      <BisWeighted>0</BisWeighted>
      <QtyInPackage>1</QtyInPackage>
      <ItemPrice>17.90</ItemPrice>
      <UnitOfMeasurePrice>3.58</UnitOfMeasurePrice>
      <AllowDiscount>1</AllowDiscount>
      <itemStatus>1</itemStatus>
      <LastUpdateDate />
      <LastUpdateTime />
    </Product>
    <Product>
      <PriceUpdateDate>2020/05/03 08:25</PriceUpdateDate>
      <ItemCode>8001090833136</ItemCode>
      <ItemType>1</ItemType>
      <ItemName>אריאל גל כביסה 2.255ליטר בייבי</ItemName>
      <ManufactureName>דיפלומט מפיצים 1968 בעמ</ManufactureName>
      <ManufactureCountry />
      <ManufactureItemDescription />
      <UnitQty>י"ח</UnitQty>
      <Quantity>2.2550</Quantity>
      <UnitMeasure>ליטר</UnitMeasure>
      <BisWeighted>0</BisWeighted>
      <QtyInPackage>1</QtyInPackage>
      <ItemPrice>34.90</ItemPrice>
      <UnitOfMeasurePrice>15.48</UnitOfMeasurePrice>
      <AllowDiscount>0</AllowDiscount>
      <itemStatus>1</itemStatus>
      <LastUpdateDate />
      <LastUpdateTime />
    </Product>
    <Product>
      <PriceUpdateDate>2020/05/03 08:25</PriceUpdateDate>
      <ItemCode>8001090833167</ItemCode>
      <ItemType>1</ItemType>
      <ItemName>אריאל גל קולור 2.36ל ניחוח הרים</ItemName>
      <ManufactureName>דיפלומט מפיצים 1968 בעמ</ManufactureName>
      <ManufactureCountry />
      <ManufactureItemDescription />
      <UnitQty>י"ח</UnitQty>
      <Quantity>2.36</Quantity>
      <UnitMeasure>ליטר</UnitMeasure>
      <BisWeighted>0</BisWeighted>
      <QtyInPackage>1</QtyInPackage>
      <ItemPrice>34.90</ItemPrice>
      <UnitOfMeasurePrice>14.79</UnitOfMeasurePrice>
      <AllowDiscount>0</AllowDiscount>
      <itemStatus>1</itemStatus>
      <LastUpdateDate />
      <LastUpdateTime />
    </Product>
    <Product>
      <PriceUpdateDate>2020/05/03 08:25</PriceUpdateDate>
      <ItemCode>8001090833198</ItemCode>
      <ItemType>1</ItemType>
      <ItemName>אריאל גל ניחוח מרענן  2.36ל.</ItemName>
      <ManufactureName>דיפלומט מפיצים 1968 בעמ</ManufactureName>
      <ManufactureCountry />
      <ManufactureItemDescription />
      <UnitQty>י"ח</UnitQty>
      <Quantity>2.36</Quantity>
      <UnitMeasure>ליטר</UnitMeasure>
      <BisWeighted>0</BisWeighted>
      <QtyInPackage>1</QtyInPackage>
      <ItemPrice>34.90</ItemPrice>
      <UnitOfMeasurePrice>14.79</UnitOfMeasurePrice>
      <AllowDiscount>0</AllowDiscount>
      <itemStatus>1</itemStatus>
      <LastUpdateDate />
      <LastUpdateTime />
    </Product>
    <Product>
      <PriceUpdateDate>2020/05/03 08:25</PriceUpdateDate>
      <ItemCode>8001090833228</ItemCode>
      <ItemType>1</ItemType>
      <ItemName>אריאל גל קולור 2.36ל</ItemName>
      <ManufactureName>דיפלומט מפיצים 1968 בעמ</ManufactureName>
      <ManufactureCountry />
      <ManufactureItemDescription />
      <UnitQty>י"ח</UnitQty>
      <Quantity>2.36</Quantity>
      <UnitMeasure>ליטר</UnitMeasure>
      <BisWeighted>0</BisWeighted>
      <QtyInPackage>1</QtyInPackage>
      <ItemPrice>34.90</ItemPrice>
      <UnitOfMeasurePrice>14.79</UnitOfMeasurePrice>
      <AllowDiscount>0</AllowDiscount>
      <itemStatus>1</itemStatus>
      <LastUpdateDate />
      <LastUpdateTime />
    </Product>
    <Product>
      <PriceUpdateDate>2018/12/04 15:25</PriceUpdateDate>
      <ItemCode>8001090833259</ItemCode>
      <ItemType>1</ItemType>
      <ItemName>אריאל גל 3.74ל ניחוח הרים</ItemName>
      <ManufactureName>דיפלומט מפיצים 1968 בעמ</ManufactureName>
      <ManufactureCountry />
      <ManufactureItemDescription />
      <UnitQty>י"ח</UnitQty>
      <Quantity>3.74</Quantity>
      <UnitMeasure>ליטר</UnitMeasure>
      <BisWeighted>0</BisWeighted>
      <QtyInPackage>1</QtyInPackage>
      <ItemPrice>42.90</ItemPrice>
      <UnitOfMeasurePrice>11.47</UnitOfMeasurePrice>
      <AllowDiscount>1</AllowDiscount>
      <itemStatus>1</itemStatus>
      <LastUpdateDate />
      <LastUpdateTime />
    </Product>
    <Product>
      <PriceUpdateDate>2018/10/23 11:53</PriceUpdateDate>
      <ItemCode>8001090988362</ItemCode>
      <ItemType>1</ItemType>
      <ItemName>פנטן שמפו לחות מוגברת 500מ"ל</ItemName>
      <ManufactureName>דיפלומט מפיצים 1968 בעמ</ManufactureName>
      <ManufactureCountry />
      <ManufactureItemDescription />
      <UnitQty>י"ח</UnitQty>
      <Quantity>500</Quantity>
      <UnitMeasure>ל  מ"ל</UnitMeasure>
      <BisWeighted>0</BisWeighted>
      <QtyInPackage>1</QtyInPackage>
      <ItemPrice>17.90</ItemPrice>
      <UnitOfMeasurePrice>3.58</UnitOfMeasurePrice>
      <AllowDiscount>1</AllowDiscount>
      <itemStatus>1</itemStatus>
      <LastUpdateDate />
      <LastUpdateTime />
    </Product>
    <Product>
      <PriceUpdateDate>2018/10/23 11:53</PriceUpdateDate>
      <ItemCode>8001090988447</ItemCode>
      <ItemType>1</ItemType>
      <ItemName>פנטן מרכך לתלתלים מושלמים  500מ"ל</ItemName>
      <ManufactureName>דיפלומט מפיצים 1968 בעמ</ManufactureName>
      <ManufactureCountry />
      <ManufactureItemDescription />
      <UnitQty>י"ח</UnitQty>
      <Quantity>500</Quantity>
      <UnitMeasure>ל  מ"ל</UnitMeasure>
      <BisWeighted>0</BisWeighted>
      <QtyInPackage>1</QtyInPackage>
      <ItemPrice>17.90</ItemPrice>
      <UnitOfMeasurePrice>3.58</UnitOfMeasurePrice>
      <AllowDiscount>1</AllowDiscount>
      <itemStatus>1</itemStatus>
      <LastUpdateDate />
      <LastUpdateTime />
    </Product>
    <Product>
      <PriceUpdateDate>2018/10/23 11:53</PriceUpdateDate>
      <ItemCode>8001090988768</ItemCode>
      <ItemType>1</ItemType>
      <ItemName>פנטן שמפו הזנת קרטין 500מ"ל</ItemName>
      <ManufactureName>דיפלומט מפיצים 1968 בעמ</ManufactureName>
      <ManufactureCountry />
      <ManufactureItemDescription />
      <UnitQty>י"ח</UnitQty>
      <Quantity>500</Quantity>
      <UnitMeasure>ל  מ"ל</UnitMeasure>
      <BisWeighted>0</BisWeighted>
      <QtyInPackage>1</QtyInPackage>
      <ItemPrice>17.90</ItemPrice>
      <UnitOfMeasurePrice>3.58</UnitOfMeasurePrice>
      <AllowDiscount>1</AllowDiscount>
      <itemStatus>1</itemStatus>
      <LastUpdateDate />
      <LastUpdateTime />
    </Product>
    <Product>
      <PriceUpdateDate>2018/10/23 11:53</PriceUpdateDate>
      <ItemCode>8001090988843</ItemCode>
      <ItemType>1</ItemType>
      <ItemName>פנטן מרכך לחות מוגברת 500מ"ל</ItemName>
      <ManufactureName>דיפלומט מפיצים 1968 בעמ</ManufactureName>
      <ManufactureCountry />
      <ManufactureItemDescription />
      <UnitQty>י"ח</UnitQty>
      <Quantity>500</Quantity>
      <UnitMeasure>ל  מ"ל</UnitMeasure>
      <BisWeighted>0</BisWeighted>
      <QtyInPackage>1</QtyInPackage>
      <ItemPrice>17.90</ItemPrice>
      <UnitOfMeasurePrice>3.58</UnitOfMeasurePrice>
      <AllowDiscount>1</AllowDiscount>
      <itemStatus>1</itemStatus>
      <LastUpdateDate />
      <LastUpdateTime />
    </Product>
    <Product>
      <PriceUpdateDate>2018/10/23 11:53</PriceUpdateDate>
      <ItemCode>8001090988881</ItemCode>
      <ItemType>1</ItemType>
      <ItemName>פנטן מרכך למגע רך כמשי 500מ"ל</ItemName>
      <ManufactureName>דיפלומט מפיצים 1968 בעמ</ManufactureName>
      <ManufactureCountry />
      <ManufactureItemDescription />
      <UnitQty>י"ח</UnitQty>
      <Quantity>500</Quantity>
      <UnitMeasure>ל  מ"ל</UnitMeasure>
      <BisWeighted>0</BisWeighted>
      <QtyInPackage>1</QtyInPackage>
      <ItemPrice>17.90</ItemPrice>
      <UnitOfMeasurePrice>3.58</UnitOfMeasurePrice>
      <AllowDiscount>1</AllowDiscount>
      <itemStatus>1</itemStatus>
      <LastUpdateDate />
      <LastUpdateTime />
    </Product>
    <Product>
      <PriceUpdateDate>2018/10/23 11:53</PriceUpdateDate>
      <ItemCode>8001090989000</ItemCode>
      <ItemType>1</ItemType>
      <ItemName>פנטן מרכך הזנת קרטין  500מ"ל</ItemName>
      <ManufactureName>דיפלומט מפיצים 1968 בעמ</ManufactureName>
      <ManufactureCountry />
      <ManufactureItemDescription />
      <UnitQty>י"ח</UnitQty>
      <Quantity>500</Quantity>
      <UnitMeasure>ל  מ"ל</UnitMeasure>
      <BisWeighted>0</BisWeighted>
      <QtyInPackage>1</QtyInPackage>
      <ItemPrice>17.90</ItemPrice>
      <UnitOfMeasurePrice>3.58</UnitOfMeasurePrice>
      <AllowDiscount>1</AllowDiscount>
      <itemStatus>1</itemStatus>
      <LastUpdateDate />
      <LastUpdateTime />
    </Product>
    <Product>
      <PriceUpdateDate>2014/01/05 10:52</PriceUpdateDate>
      <ItemCode>8001160001892</ItemCode>
      <ItemType>1</ItemType>
      <ItemName>גטורייד ספורט תפוז אדום 500מ"ל</ItemName>
      <ManufactureName>טמפו משקאות בעמ</ManufactureName>
      <ManufactureCountry />
      <ManufactureItemDescription />
      <UnitQty>י"ח</UnitQty>
      <Quantity>500</Quantity>
      <UnitMeasure>ל  מ"ל</UnitMeasure>
      <BisWeighted>0</BisWeighted>
      <QtyInPackage>1</QtyInPackage>
      <ItemPrice>9.30</ItemPrice>
      <UnitOfMeasurePrice>1.80</UnitOfMeasurePrice>
      <AllowDiscount>0</AllowDiscount>
      <itemStatus>1</itemStatus>
      <LastUpdateDate />
      <LastUpdateTime />
    </Product>
    <Product>
      <PriceUpdateDate>2018/11/05 10:34</PriceUpdateDate>
      <ItemCode>8001505000283</ItemCode>
      <ItemType>1</ItemType>
      <ItemName>מעדן פטל אורגני 250ג</ItemName>
      <ManufactureName>נטורפוד בעמ</ManufactureName>
      <ManufactureCountry />
      <ManufactureItemDescription />
      <UnitQty>י"ח</UnitQty>
      <Quantity>250</Quantity>
      <UnitMeasure>ל  גרם</UnitMeasure>
      <BisWeighted>0</BisWeighted>
      <QtyInPackage>1</QtyInPackage>
      <ItemPrice>18.90</ItemPrice>
      <UnitOfMeasurePrice>7.56</UnitOfMeasurePrice>
      <AllowDiscount>0</AllowDiscount>
      <itemStatus>1</itemStatus>
      <LastUpdateDate />
      <LastUpdateTime />
    </Product>
    <Product>
      <PriceUpdateDate>2013/06/04 15:40</PriceUpdateDate>
      <ItemCode>8001620011935</ItemCode>
      <ItemType>1</ItemType>
      <ItemName>סן בנדטו שישיה 0.5 ל מוגז עדין</ItemName>
      <ManufactureName>טמפו משקאות בעמ</ManufactureName>
      <ManufactureCountry />
      <ManufactureItemDescription />
      <UnitQty>י"ח</UnitQty>
      <Quantity>3</Quantity>
      <UnitMeasure>ליטר</UnitMeasure>
      <BisWeighted>0</BisWeighted>
      <QtyInPackage>1</QtyInPackage>
      <ItemPrice>14.50</ItemPrice>
      <UnitOfMeasurePrice>4.23</UnitOfMeasurePrice>
      <AllowDiscount>1</AllowDiscount>
      <itemStatus>1</itemStatus>
      <LastUpdateDate />
      <LastUpdateTime />
    </Product>
    <Product>
      <PriceUpdateDate>2019/05/08 14:29</PriceUpdateDate>
      <ItemCode>8001620018248</ItemCode>
      <ItemType>1</ItemType>
      <ItemName>סן בנדטו פקק ספורט בקבוק 750מ"ל</ItemName>
      <ManufactureName>טמפו משקאות בעמ</ManufactureName>
      <ManufactureCountry />
      <ManufactureItemDescription />
      <UnitQty>י"ח</UnitQty>
      <Quantity>750</Quantity>
      <UnitMeasure>ל  מ"ל</UnitMeasure>
      <BisWeighted>0</BisWeighted>
      <QtyInPackage>1</QtyInPackage>
      <ItemPrice>3.50</ItemPrice>
      <UnitOfMeasurePrice>0.43</UnitOfMeasurePrice>
      <AllowDiscount>1</AllowDiscount>
      <itemStatus>1</itemStatus>
      <LastUpdateDate />
      <LastUpdateTime />
    </Product>
    <Product>
      <PriceUpdateDate>2020/01/29 10:24</PriceUpdateDate>
      <ItemCode>8001841019291</ItemCode>
      <ItemType>1</ItemType>
      <ItemName>אריאל קפסולות 16יח ניחוח לנור.</ItemName>
      <ManufactureName>דיפלומט מפיצים 1968 בעמ</ManufactureName>
      <ManufactureCountry />
      <ManufactureItemDescription />
      <UnitQty>י"ח</UnitQty>
      <Quantity>16</Quantity>
      <UnitMeasure>י"ח</UnitMeasure>
      <BisWeighted>0</BisWeighted>
      <QtyInPackage>1</QtyInPackage>
      <ItemPrice>23.90</ItemPrice>
      <UnitOfMeasurePrice>1.49</UnitOfMeasurePrice>
      <AllowDiscount>1</AllowDiscount>
      <itemStatus>1</itemStatus>
      <LastUpdateDate />
      <LastUpdateTime />
    </Product>
    <Product>
      <PriceUpdateDate>2019/08/25 09:24</PriceUpdateDate>
      <ItemCode>8001841077949</ItemCode>
      <ItemType>1</ItemType>
      <ItemName>מגבוני פמפרס פרש 4*52יח</ItemName>
      <ManufactureName>דיפלומט מפיצים 1968 בעמ</ManufactureName>
      <ManufactureCountry />
      <ManufactureItemDescription />
      <UnitQty>י"ח</UnitQty>
      <Quantity>1</Quantity>
      <UnitMeasure />
      <BisWeighted>0</BisWeighted>
      <QtyInPackage>1</QtyInPackage>
      <ItemPrice>17.90</ItemPrice>
      <UnitOfMeasurePrice>17.90</UnitOfMeasurePrice>
      <AllowDiscount>0</AllowDiscount>
      <itemStatus>1</itemStatus>
      <LastUpdateDate />
      <LastUpdateTime />
    </Product>
    <Product>
      <PriceUpdateDate>2019/05/22 12:39</PriceUpdateDate>
      <ItemCode>8001841104799</ItemCode>
      <ItemType>1</ItemType>
      <ItemName>פמפרס פרמיום VP מידה 2 1/46</ItemName>
      <ManufactureName>דיפלומט מפיצים 1968 בעמ</ManufactureName>
      <ManufactureCountry />
      <ManufactureItemDescription />
      <UnitQty>י"ח</UnitQty>
      <Quantity>41</Quantity>
      <UnitMeasure>י"ח</UnitMeasure>
      <BisWeighted>0</BisWeighted>
      <QtyInPackage>1</QtyInPackage>
      <ItemPrice>34.90</ItemPrice>
      <UnitOfMeasurePrice>0.85</UnitOfMeasurePrice>
      <AllowDiscount>1</AllowDiscount>
      <itemStatus>1</itemStatus>
      <LastUpdateDate />
      <LastUpdateTime />
    </Product>
    <Product>
      <PriceUpdateDate>2019/05/22 12:39</PriceUpdateDate>
      <ItemCode>8001841105093</ItemCode>
      <ItemType>1</ItemType>
      <ItemName>פמפרס פרמיום VP מידה 6 1/26</ItemName>
      <ManufactureName>דיפלומט מפיצים 1968 בעמ</ManufactureName>
      <ManufactureCountry />
      <ManufactureItemDescription />
      <UnitQty>י"ח</UnitQty>
      <Quantity>41</Quantity>
      <UnitMeasure>י"ח</UnitMeasure>
      <BisWeighted>0</BisWeighted>
      <QtyInPackage>1</QtyInPackage>
      <ItemPrice>34.90</ItemPrice>
      <UnitOfMeasurePrice>0.85</UnitOfMeasurePrice>
      <AllowDiscount>1</AllowDiscount>
      <itemStatus>1</itemStatus>
      <LastUpdateDate />
      <LastUpdateTime />
    </Product>
    <Product>
      <PriceUpdateDate>2019/12/24 08:18</PriceUpdateDate>
      <ItemCode>8001841216584</ItemCode>
      <ItemType>1</ItemType>
      <ItemName>אולוויז קוואטרו  לילה בטוח 36יח</ItemName>
      <ManufactureName>דיפלומט מפיצים 1968 בעמ</ManufactureName>
      <ManufactureCountry />
      <ManufactureItemDescription />
      <UnitQty>י"ח</UnitQty>
      <Quantity>1</Quantity>
      <UnitMeasure />
      <BisWeighted>0</BisWeighted>
      <QtyInPackage>1</QtyInPackage>
      <ItemPrice>39.90</ItemPrice>
      <UnitOfMeasurePrice>39.90</UnitOfMeasurePrice>
      <AllowDiscount>0</AllowDiscount>
      <itemStatus>1</itemStatus>
      <LastUpdateDate />
      <LastUpdateTime />
    </Product>
    <Product>
      <PriceUpdateDate>2019/10/23 08:16</PriceUpdateDate>
      <ItemCode>8001841317830</ItemCode>
      <ItemType>1</ItemType>
      <ItemName>לנור מרכך מרוכז יסמין 900מ"ל</ItemName>
      <ManufactureName>דיפלומט מפיצים 1968 בעמ</ManufactureName>
      <ManufactureCountry />
      <ManufactureItemDescription />
      <UnitQty>ליטר</UnitQty>
      <Quantity>0.90</Quantity>
      <UnitMeasure>ליטר</UnitMeasure>
      <BisWeighted>0</BisWeighted>
      <QtyInPackage>1</QtyInPackage>
      <ItemPrice>19.90</ItemPrice>
      <UnitOfMeasurePrice>22.11</UnitOfMeasurePrice>
      <AllowDiscount>0</AllowDiscount>
      <itemStatus>1</itemStatus>
      <LastUpdateDate />
      <LastUpdateTime />
    </Product>
    <Product>
      <PriceUpdateDate>2019/10/23 08:16</PriceUpdateDate>
      <ItemCode>8001841317861</ItemCode>
      <ItemType>1</ItemType>
      <ItemName>לנור מרכך מרוכז אוריינוס 900מ"ל</ItemName>
      <ManufactureName>דיפלומט מפיצים 1968 בעמ</ManufactureName>
      <ManufactureCountry />
      <ManufactureItemDescription />
      <UnitQty>ליטר</UnitQty>
      <Quantity>0.90</Quantity>
      <UnitMeasure>ליטר</UnitMeasure>
      <BisWeighted>0</BisWeighted>
      <QtyInPackage>1</QtyInPackage>
      <ItemPrice>19.90</ItemPrice>
      <UnitOfMeasurePrice>22.11</UnitOfMeasurePrice>
      <AllowDiscount>1</AllowDiscount>
      <itemStatus>1</itemStatus>
      <LastUpdateDate />
      <LastUpdateTime />
    </Product>
    <Product>
      <PriceUpdateDate>2018/11/08 17:59</PriceUpdateDate>
      <ItemCode>8001931120982</ItemCode>
      <ItemType>1</ItemType>
      <ItemName>פסטה קן לציפור עבה 500גר</ItemName>
      <ManufactureName>נאמן לאורך זמן בעמ</ManufactureName>
      <ManufactureCountry />
      <ManufactureItemDescription />
      <UnitQty>י"ח</UnitQty>
      <Quantity>500</Quantity>
      <UnitMeasure>ל  גרם</UnitMeasure>
      <BisWeighted>0</BisWeighted>
      <QtyInPackage>1</QtyInPackage>
      <ItemPrice>6.90</ItemPrice>
      <UnitOfMeasurePrice>1.38</UnitOfMeasurePrice>
      <AllowDiscount>0</AllowDiscount>
      <itemStatus>1</itemStatus>
      <LastUpdateDate />
      <LastUpdateTime />
    </Product>
    <Product>
      <PriceUpdateDate>2019/08/13 15:14</PriceUpdateDate>
      <ItemCode>8001943543458</ItemCode>
      <ItemType>1</ItemType>
      <ItemName>צ`וקטה ביצת שוקולד שלישייה</ItemName>
      <ManufactureName>ליימן שליסל</ManufactureName>
      <ManufactureCountry />
      <ManufactureItemDescription />
      <UnitQty>י"ח</UnitQty>
      <Quantity>1</Quantity>
      <UnitMeasure />
      <BisWeighted>0</BisWeighted>
      <QtyInPackage>1</QtyInPackage>
      <ItemPrice>11.90</ItemPrice>
      <UnitOfMeasurePrice>11.90</UnitOfMeasurePrice>
      <AllowDiscount>0</AllowDiscount>
      <itemStatus>1</itemStatus>
      <LastUpdateDate />
      <LastUpdateTime />
    </Product>
    <Product>
      <PriceUpdateDate>2019/08/13 15:14</PriceUpdateDate>
      <ItemCode>8002267014662</ItemCode>
      <ItemType>1</ItemType>
      <ItemName>ביצת הפתעה 1/3 60ג</ItemName>
      <ManufactureName>ליימן שליסל</ManufactureName>
      <ManufactureCountry />
      <ManufactureItemDescription />
      <UnitQty>י"ח</UnitQty>
      <Quantity>60</Quantity>
      <UnitMeasure>ל  גרם</UnitMeasure>
      <BisWeighted>0</BisWeighted>
      <QtyInPackage>1</QtyInPackage>
      <ItemPrice>11.90</ItemPrice>
      <UnitOfMeasurePrice>19.83</UnitOfMeasurePrice>
      <AllowDiscount>0</AllowDiscount>
      <itemStatus>1</itemStatus>
      <LastUpdateDate />
      <LastUpdateTime />
    </Product>
    <Product>
      <PriceUpdateDate>2020/01/07 09:11</PriceUpdateDate>
      <ItemCode>8002267014945</ItemCode>
      <ItemType>1</ItemType>
      <ItemName>ביצת הפתעה 1/3 60ג</ItemName>
      <ManufactureName>ליימן שליסל</ManufactureName>
      <ManufactureCountry />
      <ManufactureItemDescription />
      <UnitQty>י"ח</UnitQty>
      <Quantity>60</Quantity>
      <UnitMeasure>ל  גרם</UnitMeasure>
      <BisWeighted>0</BisWeighted>
      <QtyInPackage>1</QtyInPackage>
      <ItemPrice>11.90</ItemPrice>
      <UnitOfMeasurePrice>19.83</UnitOfMeasurePrice>
      <AllowDiscount>0</AllowDiscount>
      <itemStatus>1</itemStatus>
      <LastUpdateDate />
      <LastUpdateTime />
    </Product>
    <Product>
      <PriceUpdateDate>2018/11/12 15:39</PriceUpdateDate>
      <ItemCode>8002267016475</ItemCode>
      <ItemType>1</ItemType>
      <ItemName>ביצת הפתעה 1/3 60ג</ItemName>
      <ManufactureName>ליימן שליסל</ManufactureName>
      <ManufactureCountry />
      <ManufactureItemDescription />
      <UnitQty>י"ח</UnitQty>
      <Quantity>60</Quantity>
      <UnitMeasure>ל  גרם</UnitMeasure>
      <BisWeighted>0</BisWeighted>
      <QtyInPackage>1</QtyInPackage>
      <ItemPrice>11.90</ItemPrice>
      <UnitOfMeasurePrice>19.83</UnitOfMeasurePrice>
      <AllowDiscount>0</AllowDiscount>
      <itemStatus>1</itemStatus>
      <LastUpdateDate />
      <LastUpdateTime />
    </Product>
    <Product>
      <PriceUpdateDate>2017/03/31 10:43</PriceUpdateDate>
      <ItemCode>8002450205006</ItemCode>
      <ItemType>1</ItemType>
      <ItemName>משקה כהלי וורדי תות  ספרקלטיני 750מ"ל</ItemName>
      <ManufactureName>הכרם משקאות חריפים בעמ</ManufactureName>
      <ManufactureCountry />
      <ManufactureItemDescription />
      <UnitQty>י"ח</UnitQty>
      <Quantity>750</Quantity>
      <UnitMeasure>ל  מ"ל</UnitMeasure>
      <BisWeighted>0</BisWeighted>
      <QtyInPackage>1</QtyInPackage>
      <ItemPrice>29</ItemPrice>
      <UnitOfMeasurePrice>3.83</UnitOfMeasurePrice>
      <AllowDiscount>1</AllowDiscount>
      <itemStatus>1</itemStatus>
      <LastUpdateDate />
      <LastUpdateTime />
    </Product>
    <Product>
      <PriceUpdateDate>2019/06/12 12:41</PriceUpdateDate>
      <ItemCode>8004030381681</ItemCode>
      <ItemType>1</ItemType>
      <ItemName>ריו מארה טונה בשמן זית 160ג זוג</ItemName>
      <ManufactureName>ש.שסטוביץ בעמ</ManufactureName>
      <ManufactureCountry />
      <ManufactureItemDescription />
      <UnitQty>י"ח</UnitQty>
      <Quantity>320</Quantity>
      <UnitMeasure>ל  גרם</UnitMeasure>
      <BisWeighted>0</BisWeighted>
      <QtyInPackage>1</QtyInPackage>
      <ItemPrice>29.90</ItemPrice>
      <UnitOfMeasurePrice>9.34</UnitOfMeasurePrice>
      <AllowDiscount>0</AllowDiscount>
      <itemStatus>1</itemStatus>
      <LastUpdateDate />
      <LastUpdateTime />
    </Product>
    <Product>
      <PriceUpdateDate>2018/12/14 11:34</PriceUpdateDate>
      <ItemCode>8005200496525</ItemCode>
      <ItemType>1</ItemType>
      <ItemName>נסטי בטעם אפרסק 1.5ל</ItemName>
      <ManufactureName>טמפו משקאות בעמ</ManufactureName>
      <ManufactureCountry />
      <ManufactureItemDescription />
      <UnitQty>י"ח</UnitQty>
      <Quantity>1.50</Quantity>
      <UnitMeasure>ליטר</UnitMeasure>
      <BisWeighted>0</BisWeighted>
      <QtyInPackage>1</QtyInPackage>
      <ItemPrice>6.20</ItemPrice>
      <UnitOfMeasurePrice>4.13</UnitOfMeasurePrice>
      <AllowDiscount>1</AllowDiscount>
      <itemStatus>1</itemStatus>
      <LastUpdateDate />
      <LastUpdateTime />
    </Product>
    <Product>
      <PriceUpdateDate>2018/12/14 11:34</PriceUpdateDate>
      <ItemCode>8005200516520</ItemCode>
      <ItemType>1</ItemType>
      <ItemName>נסטי דיאט בטעם אפרסק 1.5ל</ItemName>
      <ManufactureName>טמפו משקאות בעמ</ManufactureName>
      <ManufactureCountry />
      <ManufactureItemDescription />
      <UnitQty>י"ח</UnitQty>
      <Quantity>1.50</Quantity>
      <UnitMeasure>ליטר</UnitMeasure>
      <BisWeighted>0</BisWeighted>
      <QtyInPackage>1</QtyInPackage>
      <ItemPrice>6.20</ItemPrice>
      <UnitOfMeasurePrice>4.13</UnitOfMeasurePrice>
      <AllowDiscount>1</AllowDiscount>
      <itemStatus>1</itemStatus>
      <LastUpdateDate />
      <LastUpdateTime />
    </Product>
    <Product>
      <PriceUpdateDate>2018/12/14 11:34</PriceUpdateDate>
      <ItemCode>8005200536528</ItemCode>
      <ItemType>1</ItemType>
      <ItemName>נסטי בטעם מנגו אננס  1.5ל</ItemName>
      <ManufactureName>טמפו משקאות בעמ</ManufactureName>
      <ManufactureCountry />
      <ManufactureItemDescription />
      <UnitQty>י"ח</UnitQty>
      <Quantity>1.50</Quantity>
      <UnitMeasure>ליטר</UnitMeasure>
      <BisWeighted>0</BisWeighted>
      <QtyInPackage>1</QtyInPackage>
      <ItemPrice>6.20</ItemPrice>
      <UnitOfMeasurePrice>4.13</UnitOfMeasurePrice>
      <AllowDiscount>1</AllowDiscount>
      <itemStatus>1</itemStatus>
      <LastUpdateDate />
      <LastUpdateTime />
    </Product>
    <Product>
      <PriceUpdateDate>2018/12/14 11:34</PriceUpdateDate>
      <ItemCode>8005217176557</ItemCode>
      <ItemType>1</ItemType>
      <ItemName>נסטי בטעם ענבים  1.5ל</ItemName>
      <ManufactureName>טמפו משקאות בעמ</ManufactureName>
      <ManufactureCountry />
      <ManufactureItemDescription />
      <UnitQty>י"ח</UnitQty>
      <Quantity>1.50</Quantity>
      <UnitMeasure>ליטר</UnitMeasure>
      <BisWeighted>0</BisWeighted>
      <QtyInPackage>1</QtyInPackage>
      <ItemPrice>6.20</ItemPrice>
      <UnitOfMeasurePrice>4.13</UnitOfMeasurePrice>
      <AllowDiscount>1</AllowDiscount>
      <itemStatus>1</itemStatus>
      <LastUpdateDate />
      <LastUpdateTime />
    </Product>
    <Product>
      <PriceUpdateDate>2017/01/26 11:02</PriceUpdateDate>
      <ItemCode>8005803010661</ItemCode>
      <ItemType>1</ItemType>
      <ItemName>גריסיני מקלות אפויים שומשום 125ג</ItemName>
      <ManufactureName>ליימן שליסל</ManufactureName>
      <ManufactureCountry />
      <ManufactureItemDescription />
      <UnitQty>י"ח</UnitQty>
      <Quantity>125</Quantity>
      <UnitMeasure>ל  גרם</UnitMeasure>
      <BisWeighted>0</BisWeighted>
      <QtyInPackage>1</QtyInPackage>
      <ItemPrice>7.90</ItemPrice>
      <UnitOfMeasurePrice>6.32</UnitOfMeasurePrice>
      <AllowDiscount>1</AllowDiscount>
      <itemStatus>1</itemStatus>
      <LastUpdateDate />
      <LastUpdateTime />
    </Product>
    <Product>
      <PriceUpdateDate>2013/12/09 17:09</PriceUpdateDate>
      <ItemCode>8007178120310</ItemCode>
      <ItemType>1</ItemType>
      <ItemName>חומץ בלסמי 500 מ"ל</ItemName>
      <ManufactureName>דיפלומט בעמ</ManufactureName>
      <ManufactureCountry />
      <ManufactureItemDescription />
      <UnitQty>י"ח</UnitQty>
      <Quantity>500</Quantity>
      <UnitMeasure>ל  מ"ל</UnitMeasure>
      <BisWeighted>0</BisWeighted>
      <QtyInPackage>1</QtyInPackage>
      <ItemPrice>23.50</ItemPrice>
      <UnitOfMeasurePrice>4.70</UnitOfMeasurePrice>
      <AllowDiscount>0</AllowDiscount>
      <itemStatus>1</itemStatus>
      <LastUpdateDate />
      <LastUpdateTime />
    </Product>
    <Product>
      <PriceUpdateDate>2019/09/16 13:56</PriceUpdateDate>
      <ItemCode>8008343201179</ItemCode>
      <ItemType>1</ItemType>
      <ItemName>ניוקי 500גר RUMMO</ItemName>
      <ManufactureName>דיפלומט בעמ</ManufactureName>
      <ManufactureCountry />
      <ManufactureItemDescription />
      <UnitQty>י"ח</UnitQty>
      <Quantity>500</Quantity>
      <UnitMeasure>ל  גרם</UnitMeasure>
      <BisWeighted>0</BisWeighted>
      <QtyInPackage>1</QtyInPackage>
      <ItemPrice>8.90</ItemPrice>
      <UnitOfMeasurePrice>1.78</UnitOfMeasurePrice>
      <AllowDiscount>0</AllowDiscount>
      <itemStatus>1</itemStatus>
      <LastUpdateDate />
      <LastUpdateTime />
    </Product>
    <Product>
      <PriceUpdateDate>2016/07/17 15:10</PriceUpdateDate>
      <ItemCode>8008660210038</ItemCode>
      <ItemType>1</ItemType>
      <ItemName>מעדן תות שדה   300ג</ItemName>
      <ManufactureName>תה ויסוצקי (ישראל)בעמ</ManufactureName>
      <ManufactureCountry />
      <ManufactureItemDescription />
      <UnitQty>י"ח</UnitQty>
      <Quantity>300</Quantity>
      <UnitMeasure>ל  גרם</UnitMeasure>
      <BisWeighted>0</BisWeighted>
      <QtyInPackage>1</QtyInPackage>
      <ItemPrice>17.90</ItemPrice>
      <UnitOfMeasurePrice>5.97</UnitOfMeasurePrice>
      <AllowDiscount>1</AllowDiscount>
      <itemStatus>1</itemStatus>
      <LastUpdateDate />
      <LastUpdateTime />
    </Product>
    <Product>
      <PriceUpdateDate>2015/12/18 11:34</PriceUpdateDate>
      <ItemCode>8011033011279</ItemCode>
      <ItemType>1</ItemType>
      <ItemName>קוסקוס 1ק"ג דין</ItemName>
      <ManufactureName>דין שיווק וקליהבעמ</ManufactureName>
      <ManufactureCountry />
      <ManufactureItemDescription />
      <UnitQty>י"ח</UnitQty>
      <Quantity>1</Quantity>
      <UnitMeasure>ק"ג</UnitMeasure>
      <BisWeighted>0</BisWeighted>
      <QtyInPackage>1</QtyInPackage>
      <ItemPrice>10.90</ItemPrice>
      <UnitOfMeasurePrice>10.90</UnitOfMeasurePrice>
      <AllowDiscount>1</AllowDiscount>
      <itemStatus>1</itemStatus>
      <LastUpdateDate />
      <LastUpdateTime />
    </Product>
    <Product>
      <PriceUpdateDate>2018/03/08 09:27</PriceUpdateDate>
      <ItemCode>8032793343011</ItemCode>
      <ItemType>1</ItemType>
      <ItemName>עגבניות חתוכות דק 3*400ג פומי</ItemName>
      <ManufactureName>גורי מוצרי צריכה בעמ</ManufactureName>
      <ManufactureCountry />
      <ManufactureItemDescription />
      <UnitQty>י"ח</UnitQty>
      <Quantity>1.20</Quantity>
      <UnitMeasure>ק"ג</UnitMeasure>
      <BisWeighted>0</BisWeighted>
      <QtyInPackage>1</QtyInPackage>
      <ItemPrice>12.90</ItemPrice>
      <UnitOfMeasurePrice>10.75</UnitOfMeasurePrice>
      <AllowDiscount>0</AllowDiscount>
      <itemStatus>1</itemStatus>
      <LastUpdateDate />
      <LastUpdateTime />
    </Product>
    <Product>
      <PriceUpdateDate>2019/12/19 15:51</PriceUpdateDate>
      <ItemCode>8032793344094</ItemCode>
      <ItemType>1</ItemType>
      <ItemName>רוטב שקשוקה פיקנטי 700 גרם</ItemName>
      <ManufactureName>גורי מוצרי צריכה בעמ</ManufactureName>
      <ManufactureCountry />
      <ManufactureItemDescription />
      <UnitQty>י"ח</UnitQty>
      <Quantity>700</Quantity>
      <UnitMeasure>ל  גרם</UnitMeasure>
      <BisWeighted>0</BisWeighted>
      <QtyInPackage>1</QtyInPackage>
      <ItemPrice>14.90</ItemPrice>
      <UnitOfMeasurePrice>2.13</UnitOfMeasurePrice>
      <AllowDiscount>1</AllowDiscount>
      <itemStatus>1</itemStatus>
      <LastUpdateDate />
      <LastUpdateTime />
    </Product>
    <Product>
      <PriceUpdateDate>2016/07/10 15:35</PriceUpdateDate>
      <ItemCode>8076800195033</ItemCode>
      <ItemType>1</ItemType>
      <ItemName>ברילה ספגטי מס3.</ItemName>
      <ManufactureName>ש.שסטוביץ בעמ</ManufactureName>
      <ManufactureCountry />
      <ManufactureItemDescription />
      <UnitQty>י"ח</UnitQty>
      <Quantity>500</Quantity>
      <UnitMeasure>ל  גרם</UnitMeasure>
      <BisWeighted>0</BisWeighted>
      <QtyInPackage>1</QtyInPackage>
      <ItemPrice>6.90</ItemPrice>
      <UnitOfMeasurePrice>1.38</UnitOfMeasurePrice>
      <AllowDiscount>1</AllowDiscount>
      <itemStatus>1</itemStatus>
      <LastUpdateDate />
      <LastUpdateTime />
    </Product>
    <Product>
      <PriceUpdateDate>2016/07/10 15:35</PriceUpdateDate>
      <ItemCode>8076802085738</ItemCode>
      <ItemType>1</ItemType>
      <ItemName>ברילה פנה רגטה 73</ItemName>
      <ManufactureName>ש.שסטוביץ בעמ</ManufactureName>
      <ManufactureCountry />
      <ManufactureItemDescription />
      <UnitQty>י"ח</UnitQty>
      <Quantity>500</Quantity>
      <UnitMeasure>ל  גרם</UnitMeasure>
      <BisWeighted>0</BisWeighted>
      <QtyInPackage>1</QtyInPackage>
      <ItemPrice>6.90</ItemPrice>
      <UnitOfMeasurePrice>1.38</UnitOfMeasurePrice>
      <AllowDiscount>1</AllowDiscount>
      <itemStatus>1</itemStatus>
      <LastUpdateDate />
      <LastUpdateTime />
    </Product>
    <Product>
      <PriceUpdateDate>2016/07/10 15:37</PriceUpdateDate>
      <ItemCode>8076808050440</ItemCode>
      <ItemType>1</ItemType>
      <ItemName>ברילה מקרוני-44</ItemName>
      <ManufactureName>ש.שסטוביץ בעמ</ManufactureName>
      <ManufactureCountry />
      <ManufactureItemDescription />
      <UnitQty>י"ח</UnitQty>
      <Quantity>500</Quantity>
      <UnitMeasure>ל  גרם</UnitMeasure>
      <BisWeighted>0</BisWeighted>
      <QtyInPackage>1</QtyInPackage>
      <ItemPrice>6.90</ItemPrice>
      <UnitOfMeasurePrice>1.38</UnitOfMeasurePrice>
      <AllowDiscount>1</AllowDiscount>
      <itemStatus>1</itemStatus>
      <LastUpdateDate />
      <LastUpdateTime />
    </Product>
    <Product>
      <PriceUpdateDate>2016/07/10 15:36</PriceUpdateDate>
      <ItemCode>8076808060654</ItemCode>
      <ItemType>1</ItemType>
      <ItemName>ברילה פרפלה-65</ItemName>
      <ManufactureName>ש.שסטוביץ בעמ</ManufactureName>
      <ManufactureCountry />
      <ManufactureItemDescription />
      <UnitQty>י"ח</UnitQty>
      <Quantity>500</Quantity>
      <UnitMeasure>ל  גרם</UnitMeasure>
      <BisWeighted>0</BisWeighted>
      <QtyInPackage>1</QtyInPackage>
      <ItemPrice>6.90</ItemPrice>
      <UnitOfMeasurePrice>1.38</UnitOfMeasurePrice>
      <AllowDiscount>1</AllowDiscount>
      <itemStatus>1</itemStatus>
      <LastUpdateDate />
      <LastUpdateTime />
    </Product>
    <Product>
      <PriceUpdateDate>2019/06/03 12:00</PriceUpdateDate>
      <ItemCode>8076808070882</ItemCode>
      <ItemType>1</ItemType>
      <ItemName>פסטה ברילה קנלוני למילוי</ItemName>
      <ManufactureName>ש.שסטוביץ בעמ</ManufactureName>
      <ManufactureCountry />
      <ManufactureItemDescription />
      <UnitQty>י"ח</UnitQty>
      <Quantity>500</Quantity>
      <UnitMeasure>ל  גרם</UnitMeasure>
      <BisWeighted>0</BisWeighted>
      <QtyInPackage>1</QtyInPackage>
      <ItemPrice>13.80</ItemPrice>
      <UnitOfMeasurePrice>2.76</UnitOfMeasurePrice>
      <AllowDiscount>0</AllowDiscount>
      <itemStatus>1</itemStatus>
      <LastUpdateDate />
      <LastUpdateTime />
    </Product>
    <Product>
      <PriceUpdateDate>2016/07/10 15:36</PriceUpdateDate>
      <ItemCode>8076809512268</ItemCode>
      <ItemType>1</ItemType>
      <ItemName>ברילה גירנדולה-בורג-34</ItemName>
      <ManufactureName>ש.שסטוביץ בעמ</ManufactureName>
      <ManufactureCountry />
      <ManufactureItemDescription />
      <UnitQty>י"ח</UnitQty>
      <Quantity>500</Quantity>
      <UnitMeasure>ל  גרם</UnitMeasure>
      <BisWeighted>0</BisWeighted>
      <QtyInPackage>1</QtyInPackage>
      <ItemPrice>6.90</ItemPrice>
      <UnitOfMeasurePrice>1.38</UnitOfMeasurePrice>
      <AllowDiscount>1</AllowDiscount>
      <itemStatus>1</itemStatus>
      <LastUpdateDate />
      <LastUpdateTime />
    </Product>
    <Product>
      <PriceUpdateDate>2019/02/05 14:45</PriceUpdateDate>
      <ItemCode>8076809513388</ItemCode>
      <ItemType>1</ItemType>
      <ItemName>רוטב ברילה ארביאטה</ItemName>
      <ManufactureName>ש.שסטוביץ בעמ</ManufactureName>
      <ManufactureCountry />
      <ManufactureItemDescription />
      <UnitQty>י"ח</UnitQty>
      <Quantity>400</Quantity>
      <UnitMeasure>ל  גרם</UnitMeasure>
      <BisWeighted>0</BisWeighted>
      <QtyInPackage>1</QtyInPackage>
      <ItemPrice>13.90</ItemPrice>
      <UnitOfMeasurePrice>3.48</UnitOfMeasurePrice>
      <AllowDiscount>1</AllowDiscount>
      <itemStatus>1</itemStatus>
      <LastUpdateDate />
      <LastUpdateTime />
    </Product>
    <Product>
      <PriceUpdateDate>2019/02/05 14:45</PriceUpdateDate>
      <ItemCode>8076809513395</ItemCode>
      <ItemType>1</ItemType>
      <ItemName>רוטב ברילה פומודורו</ItemName>
      <ManufactureName>ש.שסטוביץ בעמ</ManufactureName>
      <ManufactureCountry />
      <ManufactureItemDescription />
      <UnitQty>י"ח</UnitQty>
      <Quantity>400</Quantity>
      <UnitMeasure>ל  גרם</UnitMeasure>
      <BisWeighted>0</BisWeighted>
      <QtyInPackage>1</QtyInPackage>
      <ItemPrice>13.90</ItemPrice>
      <UnitOfMeasurePrice>3.48</UnitOfMeasurePrice>
      <AllowDiscount>1</AllowDiscount>
      <itemStatus>1</itemStatus>
      <LastUpdateDate />
      <LastUpdateTime />
    </Product>
    <Product>
      <PriceUpdateDate>2020/03/31 09:41</PriceUpdateDate>
      <ItemCode>8076809515399</ItemCode>
      <ItemType>1</ItemType>
      <ItemName>ברילה אמיליאנה טליאטלה 500ג</ItemName>
      <ManufactureName>ש.שסטוביץ בעמ</ManufactureName>
      <ManufactureCountry />
      <ManufactureItemDescription />
      <UnitQty>י"ח</UnitQty>
      <Quantity>250</Quantity>
      <UnitMeasure>ל  גרם</UnitMeasure>
      <BisWeighted>0</BisWeighted>
      <QtyInPackage>1</QtyInPackage>
      <ItemPrice>13.90</ItemPrice>
      <UnitOfMeasurePrice>5.56</UnitOfMeasurePrice>
      <AllowDiscount>0</AllowDiscount>
      <itemStatus>1</itemStatus>
      <LastUpdateDate />
      <LastUpdateTime />
    </Product>
    <Product>
      <PriceUpdateDate>2019/06/23 09:31</PriceUpdateDate>
      <ItemCode>8076809523738</ItemCode>
      <ItemType>1</ItemType>
      <ItemName>לזניה ברילה 500 גרם</ItemName>
      <ManufactureName>ש.שסטוביץ בעמ</ManufactureName>
      <ManufactureCountry />
      <ManufactureItemDescription />
      <UnitQty>י"ח</UnitQty>
      <Quantity>500</Quantity>
      <UnitMeasure>ל  גרם</UnitMeasure>
      <BisWeighted>0</BisWeighted>
      <QtyInPackage>1</QtyInPackage>
      <ItemPrice>19.90</ItemPrice>
      <UnitOfMeasurePrice>3.98</UnitOfMeasurePrice>
      <AllowDiscount>1</AllowDiscount>
      <itemStatus>1</itemStatus>
      <LastUpdateDate />
      <LastUpdateTime />
    </Product>
    <Product>
      <PriceUpdateDate>2014/10/06 13:27</PriceUpdateDate>
      <ItemCode>8410076600622</ItemCode>
      <ItemType>1</ItemType>
      <ItemName>חטיפי ניצ`ר ואלי קראנצי שבבי שוקולד מריר</ItemName>
      <ManufactureName>ליימן שליסל</ManufactureName>
      <ManufactureCountry />
      <ManufactureItemDescription />
      <UnitQty>י"ח</UnitQty>
      <Quantity>210</Quantity>
      <UnitMeasure>ל  גרם</UnitMeasure>
      <BisWeighted>0</BisWeighted>
      <QtyInPackage>1</QtyInPackage>
      <ItemPrice>19.90</ItemPrice>
      <UnitOfMeasurePrice>9.48</UnitOfMeasurePrice>
      <AllowDiscount>1</AllowDiscount>
      <itemStatus>1</itemStatus>
      <LastUpdateDate />
      <LastUpdateTime />
    </Product>
    <Product>
      <PriceUpdateDate>2017/10/09 15:05</PriceUpdateDate>
      <ItemCode>8410076620361</ItemCode>
      <ItemType>1</ItemType>
      <ItemName>נייטשר נאט קרים שקדים 1/4</ItemName>
      <ManufactureName>ליימן שליסל</ManufactureName>
      <ManufactureCountry />
      <ManufactureItemDescription />
      <UnitQty>י"ח</UnitQty>
      <Quantity>210</Quantity>
      <UnitMeasure>ל  גרם</UnitMeasure>
      <BisWeighted>0</BisWeighted>
      <QtyInPackage>1</QtyInPackage>
      <ItemPrice>19.90</ItemPrice>
      <UnitOfMeasurePrice>9.48</UnitOfMeasurePrice>
      <AllowDiscount>1</AllowDiscount>
      <itemStatus>1</itemStatus>
      <LastUpdateDate />
      <LastUpdateTime />
    </Product>
    <Product>
      <PriceUpdateDate>2018/11/13 17:34</PriceUpdateDate>
      <ItemCode>8410076620613</ItemCode>
      <ItemType>1</ItemType>
      <ItemName>נייטשר נאט קרים קאפס בוטנים 1/4</ItemName>
      <ManufactureName>ליימן שליסל</ManufactureName>
      <ManufactureCountry />
      <ManufactureItemDescription />
      <UnitQty>י"ח</UnitQty>
      <Quantity>210</Quantity>
      <UnitMeasure>ל  גרם</UnitMeasure>
      <BisWeighted>0</BisWeighted>
      <QtyInPackage>1</QtyInPackage>
      <ItemPrice>19.90</ItemPrice>
      <UnitOfMeasurePrice>9.48</UnitOfMeasurePrice>
      <AllowDiscount>1</AllowDiscount>
      <itemStatus>1</itemStatus>
      <LastUpdateDate />
      <LastUpdateTime />
    </Product>
    <Product>
      <PriceUpdateDate>2016/11/22 11:41</PriceUpdateDate>
      <ItemCode>8410104511340</ItemCode>
      <ItemType>1</ItemType>
      <ItemName>ויט רצועות שעווה יבש</ItemName>
      <ManufactureName>רקיט בנקיזר (ניר איסט) בעמ</ManufactureName>
      <ManufactureCountry />
      <ManufactureItemDescription />
      <UnitQty>י"ח</UnitQty>
      <Quantity>1</Quantity>
      <UnitMeasure>י"ח</UnitMeasure>
      <BisWeighted>0</BisWeighted>
      <QtyInPackage>1</QtyInPackage>
      <ItemPrice>29.90</ItemPrice>
      <UnitOfMeasurePrice>29.90</UnitOfMeasurePrice>
      <AllowDiscount>1</AllowDiscount>
      <itemStatus>1</itemStatus>
      <LastUpdateDate />
      <LastUpdateTime />
    </Product>
    <Product>
      <PriceUpdateDate>2020/03/11 11:14</PriceUpdateDate>
      <ItemCode>8410128768324</ItemCode>
      <ItemType>1</ItemType>
      <ItemName>משקה שקדים קרטונית 1ליטר Vive s</ItemName>
      <ManufactureName>טמפו משקאות בעמ</ManufactureName>
      <ManufactureCountry />
      <ManufactureItemDescription />
      <UnitQty>י"ח</UnitQty>
      <Quantity>1</Quantity>
      <UnitMeasure>ליטר</UnitMeasure>
      <BisWeighted>0</BisWeighted>
      <QtyInPackage>1</QtyInPackage>
      <ItemPrice>12.90</ItemPrice>
      <UnitOfMeasurePrice>12.90</UnitOfMeasurePrice>
      <AllowDiscount>1</AllowDiscount>
      <itemStatus>1</itemStatus>
      <LastUpdateDate />
      <LastUpdateTime />
    </Product>
    <Product>
      <PriceUpdateDate>2020/03/11 11:14</PriceUpdateDate>
      <ItemCode>8410128768386</ItemCode>
      <ItemType>1</ItemType>
      <ItemName>משקה סויה לייט קרטונית 1ליטר Vive soy</ItemName>
      <ManufactureName>טמפו משקאות בעמ</ManufactureName>
      <ManufactureCountry />
      <ManufactureItemDescription />
      <UnitQty>י"ח</UnitQty>
      <Quantity>1</Quantity>
      <UnitMeasure>ליטר</UnitMeasure>
      <BisWeighted>0</BisWeighted>
      <QtyInPackage>1</QtyInPackage>
      <ItemPrice>11.90</ItemPrice>
      <UnitOfMeasurePrice>11.90</UnitOfMeasurePrice>
      <AllowDiscount>1</AllowDiscount>
      <itemStatus>1</itemStatus>
      <LastUpdateDate />
      <LastUpdateTime />
    </Product>
    <Product>
      <PriceUpdateDate>2015/11/12 10:42</PriceUpdateDate>
      <ItemCode>8420708012822</ItemCode>
      <ItemType>1</ItemType>
      <ItemName>קשקבל בשלה 200ג</ItemName>
      <ManufactureName>נטו מלינדה סחר בעמ</ManufactureName>
      <ManufactureCountry />
      <ManufactureItemDescription />
      <UnitQty>י"ח</UnitQty>
      <Quantity>200</Quantity>
      <UnitMeasure>ל  גרם</UnitMeasure>
      <BisWeighted>0</BisWeighted>
      <QtyInPackage>1</QtyInPackage>
      <ItemPrice>19.90</ItemPrice>
      <UnitOfMeasurePrice>9.95</UnitOfMeasurePrice>
      <AllowDiscount>1</AllowDiscount>
      <itemStatus>1</itemStatus>
      <LastUpdateDate />
      <LastUpdateTime />
    </Product>
    <Product>
      <PriceUpdateDate>2020/03/30 09:13</PriceUpdateDate>
      <ItemCode>8422443005213</ItemCode>
      <ItemType>1</ItemType>
      <ItemName>יין המרכבה גראנד סלקשיין ק.סוביניון</ItemName>
      <ManufactureName>היכל היין שקד גולן בעמ</ManufactureName>
      <ManufactureCountry />
      <ManufactureItemDescription />
      <UnitQty>י"ח</UnitQty>
      <Quantity>750</Quantity>
      <UnitMeasure>ל  מ"ל</UnitMeasure>
      <BisWeighted>0</BisWeighted>
      <QtyInPackage>1</QtyInPackage>
      <ItemPrice>34.90</ItemPrice>
      <UnitOfMeasurePrice>4.61</UnitOfMeasurePrice>
      <AllowDiscount>1</AllowDiscount>
      <itemStatus>1</itemStatus>
      <LastUpdateDate />
      <LastUpdateTime />
    </Product>
    <Product>
      <PriceUpdateDate>2019/02/05 14:45</PriceUpdateDate>
      <ItemCode>8423207206495</ItemCode>
      <ItemType>1</ItemType>
      <ItemName>חטיף דגנים מלאה צופה שוקולד מריר</ItemName>
      <ManufactureName>ש.שסטוביץ בעמ</ManufactureName>
      <ManufactureCountry />
      <ManufactureItemDescription />
      <UnitQty>י"ח</UnitQty>
      <Quantity>283</Quantity>
      <UnitMeasure>ל  גרם</UnitMeasure>
      <BisWeighted>0</BisWeighted>
      <QtyInPackage>1</QtyInPackage>
      <ItemPrice>12.90</ItemPrice>
      <UnitOfMeasurePrice>4.56</UnitOfMeasurePrice>
      <AllowDiscount>1</AllowDiscount>
      <itemStatus>1</itemStatus>
      <LastUpdateDate />
      <LastUpdateTime />
    </Product>
    <Product>
      <PriceUpdateDate>2019/02/05 14:45</PriceUpdateDate>
      <ItemCode>8423207206501</ItemCode>
      <ItemType>1</ItemType>
      <ItemName>חטיף רב דגנים עם שוקולד חלב</ItemName>
      <ManufactureName>ש.שסטוביץ בעמ</ManufactureName>
      <ManufactureCountry />
      <ManufactureItemDescription />
      <UnitQty>י"ח</UnitQty>
      <Quantity>283</Quantity>
      <UnitMeasure>ל  גרם</UnitMeasure>
      <BisWeighted>0</BisWeighted>
      <QtyInPackage>1</QtyInPackage>
      <ItemPrice>12.90</ItemPrice>
      <UnitOfMeasurePrice>4.56</UnitOfMeasurePrice>
      <AllowDiscount>1</AllowDiscount>
      <itemStatus>1</itemStatus>
      <LastUpdateDate />
      <LastUpdateTime />
    </Product>
    <Product>
      <PriceUpdateDate>2019/02/05 14:45</PriceUpdateDate>
      <ItemCode>8423207207362</ItemCode>
      <ItemType>1</ItemType>
      <ItemName>מרבה סלים דלים שוקולד לבן 120גר</ItemName>
      <ManufactureName>ש.שסטוביץ בעמ</ManufactureName>
      <ManufactureCountry />
      <ManufactureItemDescription />
      <UnitQty>י"ח</UnitQty>
      <Quantity>120</Quantity>
      <UnitMeasure>ל  גרם</UnitMeasure>
      <BisWeighted>0</BisWeighted>
      <QtyInPackage>1</QtyInPackage>
      <ItemPrice>12.90</ItemPrice>
      <UnitOfMeasurePrice>10.75</UnitOfMeasurePrice>
      <AllowDiscount>1</AllowDiscount>
      <itemStatus>1</itemStatus>
      <LastUpdateDate />
      <LastUpdateTime />
    </Product>
    <Product>
      <PriceUpdateDate>2019/02/05 14:45</PriceUpdateDate>
      <ItemCode>8423207208260</ItemCode>
      <ItemType>1</ItemType>
      <ItemName>חטיף דגנים מלאה צופה שוקולד מריר</ItemName>
      <ManufactureName>ש.שסטוביץ בעמ</ManufactureName>
      <ManufactureCountry />
      <ManufactureItemDescription />
      <UnitQty>י"ח</UnitQty>
      <Quantity>283</Quantity>
      <UnitMeasure>ל  גרם</UnitMeasure>
      <BisWeighted>0</BisWeighted>
      <QtyInPackage>1</QtyInPackage>
      <ItemPrice>12.90</ItemPrice>
      <UnitOfMeasurePrice>4.56</UnitOfMeasurePrice>
      <AllowDiscount>1</AllowDiscount>
      <itemStatus>1</itemStatus>
      <LastUpdateDate />
      <LastUpdateTime />
    </Product>
    <Product>
      <PriceUpdateDate>2019/02/05 14:45</PriceUpdateDate>
      <ItemCode>8423207208680</ItemCode>
      <ItemType>1</ItemType>
      <ItemName>חטיף בריאות במילוי שוקולד חלב ילדים</ItemName>
      <ManufactureName>ש.שסטוביץ בעמ</ManufactureName>
      <ManufactureCountry />
      <ManufactureItemDescription />
      <UnitQty>י"ח</UnitQty>
      <Quantity>283</Quantity>
      <UnitMeasure>ל  גרם</UnitMeasure>
      <BisWeighted>0</BisWeighted>
      <QtyInPackage>1</QtyInPackage>
      <ItemPrice>12.90</ItemPrice>
      <UnitOfMeasurePrice>4.56</UnitOfMeasurePrice>
      <AllowDiscount>1</AllowDiscount>
      <itemStatus>1</itemStatus>
      <LastUpdateDate />
      <LastUpdateTime />
    </Product>
    <Product>
      <PriceUpdateDate>2019/02/05 14:45</PriceUpdateDate>
      <ItemCode>8423207208703</ItemCode>
      <ItemType>1</ItemType>
      <ItemName>חטיף בריאות במילוי שוקולד מריר</ItemName>
      <ManufactureName>ש.שסטוביץ בעמ</ManufactureName>
      <ManufactureCountry />
      <ManufactureItemDescription />
      <UnitQty>י"ח</UnitQty>
      <Quantity>283</Quantity>
      <UnitMeasure>ל  גרם</UnitMeasure>
      <BisWeighted>0</BisWeighted>
      <QtyInPackage>1</QtyInPackage>
      <ItemPrice>12.90</ItemPrice>
      <UnitOfMeasurePrice>4.56</UnitOfMeasurePrice>
      <AllowDiscount>1</AllowDiscount>
      <itemStatus>1</itemStatus>
      <LastUpdateDate />
      <LastUpdateTime />
    </Product>
    <Product>
      <PriceUpdateDate>2016/04/04 11:27</PriceUpdateDate>
      <ItemCode>8423207208888</ItemCode>
      <ItemType>1</ItemType>
      <ItemName>פריכיות תירס טעם עגבניות ועשבי תיבול 130</ItemName>
      <ManufactureName>גורי מוצרי צריכה בעמ</ManufactureName>
      <ManufactureCountry />
      <ManufactureItemDescription />
      <UnitQty>י"ח</UnitQty>
      <Quantity>130</Quantity>
      <UnitMeasure>ל  גרם</UnitMeasure>
      <BisWeighted>0</BisWeighted>
      <QtyInPackage>1</QtyInPackage>
      <ItemPrice>11.90</ItemPrice>
      <UnitOfMeasurePrice>9.15</UnitOfMeasurePrice>
      <AllowDiscount>1</AllowDiscount>
      <itemStatus>1</itemStatus>
      <LastUpdateDate />
      <LastUpdateTime />
    </Product>
    <Product>
      <PriceUpdateDate>2016/04/04 11:27</PriceUpdateDate>
      <ItemCode>8423207208895</ItemCode>
      <ItemType>1</ItemType>
      <ItemName>פריכיות תירס טעם זיתים ועירית</ItemName>
      <ManufactureName>גורי מוצרי צריכה בעמ</ManufactureName>
      <ManufactureCountry />
      <ManufactureItemDescription />
      <UnitQty>י"ח</UnitQty>
      <Quantity>130</Quantity>
      <UnitMeasure>ל  גרם</UnitMeasure>
      <BisWeighted>0</BisWeighted>
      <QtyInPackage>1</QtyInPackage>
      <ItemPrice>11.90</ItemPrice>
      <UnitOfMeasurePrice>9.15</UnitOfMeasurePrice>
      <AllowDiscount>1</AllowDiscount>
      <itemStatus>1</itemStatus>
      <LastUpdateDate />
      <LastUpdateTime />
    </Product>
    <Product>
      <PriceUpdateDate>2018/02/02 10:24</PriceUpdateDate>
      <ItemCode>8423207208901</ItemCode>
      <ItemType>1</ItemType>
      <ItemName>פריכיות אורז מלא עם ציפוי שוקולד מ 130</ItemName>
      <ManufactureName>גורי מוצרי צריכה בעמ</ManufactureName>
      <ManufactureCountry />
      <ManufactureItemDescription />
      <UnitQty>י"ח</UnitQty>
      <Quantity>130</Quantity>
      <UnitMeasure>ל  גרם</UnitMeasure>
      <BisWeighted>0</BisWeighted>
      <QtyInPackage>1</QtyInPackage>
      <ItemPrice>11.90</ItemPrice>
      <UnitOfMeasurePrice>9.15</UnitOfMeasurePrice>
      <AllowDiscount>1</AllowDiscount>
      <itemStatus>1</itemStatus>
      <LastUpdateDate />
      <LastUpdateTime />
    </Product>
    <Product>
      <PriceUpdateDate>2019/02/05 14:45</PriceUpdateDate>
      <ItemCode>8423207209748</ItemCode>
      <ItemType>1</ItemType>
      <ItemName>סלים דליס שוקולד מריר עם תפוז מרבה</ItemName>
      <ManufactureName>ש.שסטוביץ בעמ</ManufactureName>
      <ManufactureCountry />
      <ManufactureItemDescription />
      <UnitQty>י"ח</UnitQty>
      <Quantity>283</Quantity>
      <UnitMeasure>ל  גרם</UnitMeasure>
      <BisWeighted>0</BisWeighted>
      <QtyInPackage>1</QtyInPackage>
      <ItemPrice>12.90</ItemPrice>
      <UnitOfMeasurePrice>4.56</UnitOfMeasurePrice>
      <AllowDiscount>1</AllowDiscount>
      <itemStatus>1</itemStatus>
      <LastUpdateDate />
      <LastUpdateTime />
    </Product>
    <Product>
      <PriceUpdateDate>2019/02/05 14:45</PriceUpdateDate>
      <ItemCode>8423207209885</ItemCode>
      <ItemType>1</ItemType>
      <ItemName>חטיף בריאות במילוי שוקולד חלב</ItemName>
      <ManufactureName>ש.שסטוביץ בעמ</ManufactureName>
      <ManufactureCountry />
      <ManufactureItemDescription />
      <UnitQty>י"ח</UnitQty>
      <Quantity>283</Quantity>
      <UnitMeasure>ל  גרם</UnitMeasure>
      <BisWeighted>0</BisWeighted>
      <QtyInPackage>1</QtyInPackage>
      <ItemPrice>12.90</ItemPrice>
      <UnitOfMeasurePrice>4.56</UnitOfMeasurePrice>
      <AllowDiscount>1</AllowDiscount>
      <itemStatus>1</itemStatus>
      <LastUpdateDate />
      <LastUpdateTime />
    </Product>
    <Product>
      <PriceUpdateDate>2019/02/05 14:45</PriceUpdateDate>
      <ItemCode>8423207210287</ItemCode>
      <ItemType>1</ItemType>
      <ItemName>מרבה סלים דלים שוקולד לבן 120גר</ItemName>
      <ManufactureName>ש.שסטוביץ בעמ</ManufactureName>
      <ManufactureCountry />
      <ManufactureItemDescription />
      <UnitQty>י"ח</UnitQty>
      <Quantity>120</Quantity>
      <UnitMeasure>ל  גרם</UnitMeasure>
      <BisWeighted>0</BisWeighted>
      <QtyInPackage>1</QtyInPackage>
      <ItemPrice>12.90</ItemPrice>
      <UnitOfMeasurePrice>10.75</UnitOfMeasurePrice>
      <AllowDiscount>1</AllowDiscount>
      <itemStatus>1</itemStatus>
      <LastUpdateDate />
      <LastUpdateTime />
    </Product>
    <Product>
      <PriceUpdateDate>2019/02/25 08:40</PriceUpdateDate>
      <ItemCode>8423453905715</ItemCode>
      <ItemType>1</ItemType>
      <ItemName>בירה  ווילדר חיטה פחית 0.5ליטר</ItemName>
      <ManufactureName>א.ג.ת.ד. שיווק והפצה</ManufactureName>
      <ManufactureCountry />
      <ManufactureItemDescription />
      <UnitQty>י"ח</UnitQty>
      <Quantity>33</Quantity>
      <UnitMeasure>ל  מ"ל</UnitMeasure>
      <BisWeighted>0</BisWeighted>
      <QtyInPackage>1</QtyInPackage>
      <ItemPrice>6.90</ItemPrice>
      <UnitOfMeasurePrice>20</UnitOfMeasurePrice>
      <AllowDiscount>1</AllowDiscount>
      <itemStatus>1</itemStatus>
      <LastUpdateDate />
      <LastUpdateTime />
    </Product>
    <Product>
      <PriceUpdateDate>2018/01/10 10:53</PriceUpdateDate>
      <ItemCode>8425206000142</ItemCode>
      <ItemType>1</ItemType>
      <ItemName>ריבת חלב בקבוק לחיץ 370גר</ItemName>
      <ManufactureName>גורי מוצרי צריכה בעמ</ManufactureName>
      <ManufactureCountry />
      <ManufactureItemDescription />
      <UnitQty>י"ח</UnitQty>
      <Quantity>370</Quantity>
      <UnitMeasure>ל  גרם</UnitMeasure>
      <BisWeighted>0</BisWeighted>
      <QtyInPackage>1</QtyInPackage>
      <ItemPrice>19.90</ItemPrice>
      <UnitOfMeasurePrice>5.38</UnitOfMeasurePrice>
      <AllowDiscount>0</AllowDiscount>
      <itemStatus>1</itemStatus>
      <LastUpdateDate />
      <LastUpdateTime />
    </Product>
    <Product>
      <PriceUpdateDate>2018/01/09 12:02</PriceUpdateDate>
      <ItemCode>8435495805106</ItemCode>
      <ItemType>1</ItemType>
      <ItemName>ביומט 5 ק"ג</ItemName>
      <ManufactureName>ליימן שליסל</ManufactureName>
      <ManufactureCountry />
      <ManufactureItemDescription />
      <UnitQty>י"ח</UnitQty>
      <Quantity>5</Quantity>
      <UnitMeasure>ק"ג</UnitMeasure>
      <BisWeighted>0</BisWeighted>
      <QtyInPackage>1</QtyInPackage>
      <ItemPrice>29.90</ItemPrice>
      <UnitOfMeasurePrice>5.98</UnitOfMeasurePrice>
      <AllowDiscount>1</AllowDiscount>
      <itemStatus>1</itemStatus>
      <LastUpdateDate />
      <LastUpdateTime />
    </Product>
    <Product>
      <PriceUpdateDate>2019/02/26 11:56</PriceUpdateDate>
      <ItemCode>8436575292205</ItemCode>
      <ItemType>1</ItemType>
      <ItemName>נסטלה חמשושים טעמים 180ג</ItemName>
      <ManufactureName>נגה גלידות</ManufactureName>
      <ManufactureCountry />
      <ManufactureItemDescription />
      <UnitQty>י"ח</UnitQty>
      <Quantity>180</Quantity>
      <UnitMeasure>ל  גרם</UnitMeasure>
      <BisWeighted>0</BisWeighted>
      <QtyInPackage>1</QtyInPackage>
      <ItemPrice>22.90</ItemPrice>
      <UnitOfMeasurePrice>12.72</UnitOfMeasurePrice>
      <AllowDiscount>1</AllowDiscount>
      <itemStatus>1</itemStatus>
      <LastUpdateDate />
      <LastUpdateTime />
    </Product>
    <Product>
      <PriceUpdateDate>2014/01/12 09:14</PriceUpdateDate>
      <ItemCode>8437004393092</ItemCode>
      <ItemType>1</ItemType>
      <ItemName>ערכה לבדיקת הריון</ItemName>
      <ManufactureName>חן המעיין בעמ</ManufactureName>
      <ManufactureCountry />
      <ManufactureItemDescription />
      <UnitQty>י"ח</UnitQty>
      <Quantity>1</Quantity>
      <UnitMeasure />
      <BisWeighted>0</BisWeighted>
      <QtyInPackage>1</QtyInPackage>
      <ItemPrice>31.90</ItemPrice>
      <UnitOfMeasurePrice>31.90</UnitOfMeasurePrice>
      <AllowDiscount>0</AllowDiscount>
      <itemStatus>1</itemStatus>
      <LastUpdateDate />
      <LastUpdateTime />
    </Product>
    <Product>
      <PriceUpdateDate>2020/01/27 10:39</PriceUpdateDate>
      <ItemCode>8683323063024</ItemCode>
      <ItemType>1</ItemType>
      <ItemName>יוגטה ג`לי  טעם פירות 220גר</ItemName>
      <ManufactureName>ליימן שליסל</ManufactureName>
      <ManufactureCountry />
      <ManufactureItemDescription />
      <UnitQty>י"ח</UnitQty>
      <Quantity>220</Quantity>
      <UnitMeasure>ל  גרם</UnitMeasure>
      <BisWeighted>0</BisWeighted>
      <QtyInPackage>1</QtyInPackage>
      <ItemPrice>7.90</ItemPrice>
      <UnitOfMeasurePrice>3.59</UnitOfMeasurePrice>
      <AllowDiscount>1</AllowDiscount>
      <itemStatus>1</itemStatus>
      <LastUpdateDate />
      <LastUpdateTime />
    </Product>
    <Product>
      <PriceUpdateDate>2013/12/09 15:23</PriceUpdateDate>
      <ItemCode>8686868600037</ItemCode>
      <ItemType>1</ItemType>
      <ItemName>אביזרי שיער</ItemName>
      <ManufactureName>אל האופק שיווק וסחר</ManufactureName>
      <ManufactureCountry />
      <ManufactureItemDescription />
      <UnitQty>י"ח</UnitQty>
      <Quantity>1</Quantity>
      <UnitMeasure />
      <BisWeighted>0</BisWeighted>
      <QtyInPackage>1</QtyInPackage>
      <ItemPrice>5.90</ItemPrice>
      <UnitOfMeasurePrice>5.90</UnitOfMeasurePrice>
      <AllowDiscount>0</AllowDiscount>
      <itemStatus>1</itemStatus>
      <LastUpdateDate />
      <LastUpdateTime />
    </Product>
    <Product>
      <PriceUpdateDate>2013/12/09 15:24</PriceUpdateDate>
      <ItemCode>8686868600051</ItemCode>
      <ItemType>1</ItemType>
      <ItemName>אביזרי שיער</ItemName>
      <ManufactureName>אל האופק שיווק וסחר</ManufactureName>
      <ManufactureCountry />
      <ManufactureItemDescription />
      <UnitQty>י"ח</UnitQty>
      <Quantity>1</Quantity>
      <UnitMeasure />
      <BisWeighted>0</BisWeighted>
      <QtyInPackage>1</QtyInPackage>
      <ItemPrice>7.90</ItemPrice>
      <UnitOfMeasurePrice>7.90</UnitOfMeasurePrice>
      <AllowDiscount>0</AllowDiscount>
      <itemStatus>1</itemStatus>
      <LastUpdateDate />
      <LastUpdateTime />
    </Product>
    <Product>
      <PriceUpdateDate>2013/12/09 15:24</PriceUpdateDate>
      <ItemCode>8686868600068</ItemCode>
      <ItemType>1</ItemType>
      <ItemName>אביזרי שיער</ItemName>
      <ManufactureName>אל האופק שיווק וסחר</ManufactureName>
      <ManufactureCountry />
      <ManufactureItemDescription />
      <UnitQty>י"ח</UnitQty>
      <Quantity>1</Quantity>
      <UnitMeasure />
      <BisWeighted>0</BisWeighted>
      <QtyInPackage>1</QtyInPackage>
      <ItemPrice>8.90</ItemPrice>
      <UnitOfMeasurePrice>8.90</UnitOfMeasurePrice>
      <AllowDiscount>0</AllowDiscount>
      <itemStatus>1</itemStatus>
      <LastUpdateDate />
      <LastUpdateTime />
    </Product>
    <Product>
      <PriceUpdateDate>2013/12/09 15:24</PriceUpdateDate>
      <ItemCode>8686868600075</ItemCode>
      <ItemType>1</ItemType>
      <ItemName>אביזרי שיער</ItemName>
      <ManufactureName>אל האופק שיווק וסחר</ManufactureName>
      <ManufactureCountry />
      <ManufactureItemDescription />
      <UnitQty>י"ח</UnitQty>
      <Quantity>1</Quantity>
      <UnitMeasure />
      <BisWeighted>0</BisWeighted>
      <QtyInPackage>1</QtyInPackage>
      <ItemPrice>9.90</ItemPrice>
      <UnitOfMeasurePrice>9.90</UnitOfMeasurePrice>
      <AllowDiscount>0</AllowDiscount>
      <itemStatus>1</itemStatus>
      <LastUpdateDate />
      <LastUpdateTime />
    </Product>
    <Product>
      <PriceUpdateDate>2013/12/09 15:24</PriceUpdateDate>
      <ItemCode>8686868600099</ItemCode>
      <ItemType>1</ItemType>
      <ItemName>אביזרי שיער</ItemName>
      <ManufactureName>אל האופק שיווק וסחר</ManufactureName>
      <ManufactureCountry />
      <ManufactureItemDescription />
      <UnitQty>י"ח</UnitQty>
      <Quantity>1</Quantity>
      <UnitMeasure />
      <BisWeighted>0</BisWeighted>
      <QtyInPackage>1</QtyInPackage>
      <ItemPrice>11.90</ItemPrice>
      <UnitOfMeasurePrice>11.90</UnitOfMeasurePrice>
      <AllowDiscount>0</AllowDiscount>
      <itemStatus>1</itemStatus>
      <LastUpdateDate />
      <LastUpdateTime />
    </Product>
    <Product>
      <PriceUpdateDate>2013/12/09 15:25</PriceUpdateDate>
      <ItemCode>8686868600105</ItemCode>
      <ItemType>1</ItemType>
      <ItemName>אביזרי שיער</ItemName>
      <ManufactureName>אל האופק שיווק וסחר</ManufactureName>
      <ManufactureCountry />
      <ManufactureItemDescription />
      <UnitQty>י"ח</UnitQty>
      <Quantity>1</Quantity>
      <UnitMeasure />
      <BisWeighted>0</BisWeighted>
      <QtyInPackage>1</QtyInPackage>
      <ItemPrice>12.90</ItemPrice>
      <UnitOfMeasurePrice>12.90</UnitOfMeasurePrice>
      <AllowDiscount>0</AllowDiscount>
      <itemStatus>1</itemStatus>
      <LastUpdateDate />
      <LastUpdateTime />
    </Product>
    <Product>
      <PriceUpdateDate>2018/03/13 13:18</PriceUpdateDate>
      <ItemCode>8686868600129</ItemCode>
      <ItemType>1</ItemType>
      <ItemName>אביזרי שיער</ItemName>
      <ManufactureName>אל האופק שיווק וסחר</ManufactureName>
      <ManufactureCountry />
      <ManufactureItemDescription />
      <UnitQty>י"ח</UnitQty>
      <Quantity>1</Quantity>
      <UnitMeasure />
      <BisWeighted>0</BisWeighted>
      <QtyInPackage>1</QtyInPackage>
      <ItemPrice>12.90</ItemPrice>
      <UnitOfMeasurePrice>12.90</UnitOfMeasurePrice>
      <AllowDiscount>0</AllowDiscount>
      <itemStatus>1</itemStatus>
      <LastUpdateDate />
      <LastUpdateTime />
    </Product>
    <Product>
      <PriceUpdateDate>2013/12/09 15:26</PriceUpdateDate>
      <ItemCode>8686868600136</ItemCode>
      <ItemType>1</ItemType>
      <ItemName>אביזרי שיער</ItemName>
      <ManufactureName>אל האופק שיווק וסחר</ManufactureName>
      <ManufactureCountry />
      <ManufactureItemDescription />
      <UnitQty>י"ח</UnitQty>
      <Quantity>1</Quantity>
      <UnitMeasure />
      <BisWeighted>0</BisWeighted>
      <QtyInPackage>1</QtyInPackage>
      <ItemPrice>15.90</ItemPrice>
      <UnitOfMeasurePrice>15.90</UnitOfMeasurePrice>
      <AllowDiscount>0</AllowDiscount>
      <itemStatus>1</itemStatus>
      <LastUpdateDate />
      <LastUpdateTime />
    </Product>
    <Product>
      <PriceUpdateDate>2013/12/09 15:28</PriceUpdateDate>
      <ItemCode>8686868600174</ItemCode>
      <ItemType>1</ItemType>
      <ItemName>אביזרי שיער</ItemName>
      <ManufactureName>אל האופק שיווק וסחר</ManufactureName>
      <ManufactureCountry />
      <ManufactureItemDescription />
      <UnitQty>י"ח</UnitQty>
      <Quantity>1</Quantity>
      <UnitMeasure />
      <BisWeighted>0</BisWeighted>
      <QtyInPackage>1</QtyInPackage>
      <ItemPrice>19.90</ItemPrice>
      <UnitOfMeasurePrice>19.90</UnitOfMeasurePrice>
      <AllowDiscount>0</AllowDiscount>
      <itemStatus>1</itemStatus>
      <LastUpdateDate />
      <LastUpdateTime />
    </Product>
    <Product>
      <PriceUpdateDate>2013/12/09 15:30</PriceUpdateDate>
      <ItemCode>8686868600204</ItemCode>
      <ItemType>1</ItemType>
      <ItemName>אביזרי שיער</ItemName>
      <ManufactureName>אל האופק שיווק וסחר</ManufactureName>
      <ManufactureCountry />
      <ManufactureItemDescription />
      <UnitQty>י"ח</UnitQty>
      <Quantity>1</Quantity>
      <UnitMeasure />
      <BisWeighted>0</BisWeighted>
      <QtyInPackage>1</QtyInPackage>
      <ItemPrice>9.90</ItemPrice>
      <UnitOfMeasurePrice>9.90</UnitOfMeasurePrice>
      <AllowDiscount>0</AllowDiscount>
      <itemStatus>1</itemStatus>
      <LastUpdateDate />
      <LastUpdateTime />
    </Product>
    <Product>
      <PriceUpdateDate>2019/04/22 08:41</PriceUpdateDate>
      <ItemCode>8690504081920</ItemCode>
      <ItemType>1</ItemType>
      <ItemName>טינס מצופה שוקולד מריר 150ג</ItemName>
      <ManufactureName>תה ויסוצקי (ישראל)בעמ</ManufactureName>
      <ManufactureCountry />
      <ManufactureItemDescription />
      <UnitQty>י"ח</UnitQty>
      <Quantity>150</Quantity>
      <UnitMeasure>ל  גרם</UnitMeasure>
      <BisWeighted>0</BisWeighted>
      <QtyInPackage>1</QtyInPackage>
      <ItemPrice>9.90</ItemPrice>
      <UnitOfMeasurePrice>6.60</UnitOfMeasurePrice>
      <AllowDiscount>1</AllowDiscount>
      <itemStatus>1</itemStatus>
      <LastUpdateDate />
      <LastUpdateTime />
    </Product>
    <Product>
      <PriceUpdateDate>2018/03/01 13:03</PriceUpdateDate>
      <ItemCode>8690572783931</ItemCode>
      <ItemType>1</ItemType>
      <ItemName>פה דאורדורנט ספריי</ItemName>
      <ManufactureName>הנקל סוד בעמ</ManufactureName>
      <ManufactureCountry />
      <ManufactureItemDescription />
      <UnitQty>י"ח</UnitQty>
      <Quantity>200</Quantity>
      <UnitMeasure>ל  מ"ל</UnitMeasure>
      <BisWeighted>0</BisWeighted>
      <QtyInPackage>1</QtyInPackage>
      <ItemPrice>10.90</ItemPrice>
      <UnitOfMeasurePrice>5.45</UnitOfMeasurePrice>
      <AllowDiscount>1</AllowDiscount>
      <itemStatus>1</itemStatus>
      <LastUpdateDate />
      <LastUpdateTime />
    </Product>
    <Product>
      <PriceUpdateDate>2018/01/16 16:10</PriceUpdateDate>
      <ItemCode>8690572785065</ItemCode>
      <ItemType>1</ItemType>
      <ItemName>שמפו קרטין 600מ"ל  SYOSS.</ItemName>
      <ManufactureName>הנקל סוד בעמ</ManufactureName>
      <ManufactureCountry />
      <ManufactureItemDescription />
      <UnitQty>י"ח</UnitQty>
      <Quantity>600</Quantity>
      <UnitMeasure>ל  מ"ל</UnitMeasure>
      <BisWeighted>0</BisWeighted>
      <QtyInPackage>1</QtyInPackage>
      <ItemPrice>13.90</ItemPrice>
      <UnitOfMeasurePrice>2.32</UnitOfMeasurePrice>
      <AllowDiscount>1</AllowDiscount>
      <itemStatus>1</itemStatus>
      <LastUpdateDate />
      <LastUpdateTime />
    </Product>
    <Product>
      <PriceUpdateDate>2016/12/14 10:54</PriceUpdateDate>
      <ItemCode>8690637688195</ItemCode>
      <ItemType>1</ItemType>
      <ItemName>פירמידה תה ירוק קלאסי 30ג</ItemName>
      <ManufactureName>יוניליוור ישראל שיווק בעמ</ManufactureName>
      <ManufactureCountry />
      <ManufactureItemDescription />
      <UnitQty>י"ח</UnitQty>
      <Quantity>32</Quantity>
      <UnitMeasure>ל  גרם</UnitMeasure>
      <BisWeighted>0</BisWeighted>
      <QtyInPackage>1</QtyInPackage>
      <ItemPrice>16.90</ItemPrice>
      <UnitOfMeasurePrice>52.81</UnitOfMeasurePrice>
      <AllowDiscount>0</AllowDiscount>
      <itemStatus>1</itemStatus>
      <LastUpdateDate />
      <LastUpdateTime />
    </Product>
    <Product>
      <PriceUpdateDate>2017/05/04 08:41</PriceUpdateDate>
      <ItemCode>8690637799853</ItemCode>
      <ItemType>1</ItemType>
      <ItemName>מאגדת שלגון שמנת בטעם וניל מצופה</ItemName>
      <ManufactureName>גלידות שטראוס בעמ</ManufactureName>
      <ManufactureCountry />
      <ManufactureItemDescription />
      <UnitQty>י"ח</UnitQty>
      <Quantity>280</Quantity>
      <UnitMeasure>ל  גרם</UnitMeasure>
      <BisWeighted>0</BisWeighted>
      <QtyInPackage>1</QtyInPackage>
      <ItemPrice>30.90</ItemPrice>
      <UnitOfMeasurePrice>11.04</UnitOfMeasurePrice>
      <AllowDiscount>0</AllowDiscount>
      <itemStatus>1</itemStatus>
      <LastUpdateDate />
      <LastUpdateTime />
    </Product>
    <Product>
      <PriceUpdateDate>2019/08/04 09:15</PriceUpdateDate>
      <ItemCode>8690637842382</ItemCode>
      <ItemType>1</ItemType>
      <ItemName>מגנום דאבל פרי יער</ItemName>
      <ManufactureName>גלידות שטראוס בעמ</ManufactureName>
      <ManufactureCountry />
      <ManufactureItemDescription />
      <UnitQty>י"ח</UnitQty>
      <Quantity>85</Quantity>
      <UnitMeasure>ל  גרם</UnitMeasure>
      <BisWeighted>0</BisWeighted>
      <QtyInPackage>1</QtyInPackage>
      <ItemPrice>10</ItemPrice>
      <UnitOfMeasurePrice>11.76</UnitOfMeasurePrice>
      <AllowDiscount>1</AllowDiscount>
      <itemStatus>1</itemStatus>
      <LastUpdateDate />
      <LastUpdateTime />
    </Product>
    <Product>
      <PriceUpdateDate>2019/12/31 11:14</PriceUpdateDate>
      <ItemCode>8690637866753</ItemCode>
      <ItemType>1</ItemType>
      <ItemName>בדין אקסטרה סגול 960 מ"ל</ItemName>
      <ManufactureName>יוניליוור ישראל שיווק בעמ</ManufactureName>
      <ManufactureCountry />
      <ManufactureItemDescription />
      <UnitQty>י"ח</UnitQty>
      <Quantity>960</Quantity>
      <UnitMeasure>ל  מ"ל</UnitMeasure>
      <BisWeighted>0</BisWeighted>
      <QtyInPackage>1</QtyInPackage>
      <ItemPrice>14.90</ItemPrice>
      <UnitOfMeasurePrice>1.55</UnitOfMeasurePrice>
      <AllowDiscount>0</AllowDiscount>
      <itemStatus>1</itemStatus>
      <LastUpdateDate />
      <LastUpdateTime />
    </Product>
    <Product>
      <PriceUpdateDate>2019/12/31 11:14</PriceUpdateDate>
      <ItemCode>8690637871047</ItemCode>
      <ItemType>1</ItemType>
      <ItemName>דאב שמפו קוקוס כורכום  600מ"ל</ItemName>
      <ManufactureName>יוניליוור ישראל שיווק בעמ</ManufactureName>
      <ManufactureCountry />
      <ManufactureItemDescription />
      <UnitQty>י"ח</UnitQty>
      <Quantity>600</Quantity>
      <UnitMeasure>ל  מ"ל</UnitMeasure>
      <BisWeighted>0</BisWeighted>
      <QtyInPackage>1</QtyInPackage>
      <ItemPrice>15.90</ItemPrice>
      <UnitOfMeasurePrice>2.65</UnitOfMeasurePrice>
      <AllowDiscount>0</AllowDiscount>
      <itemStatus>1</itemStatus>
      <LastUpdateDate />
      <LastUpdateTime />
    </Product>
    <Product>
      <PriceUpdateDate>2019/12/31 11:14</PriceUpdateDate>
      <ItemCode>8690637871245</ItemCode>
      <ItemType>1</ItemType>
      <ItemName>מיונז אמיתי הלמנס 395 גר`לחיץ</ItemName>
      <ManufactureName>יוניליוור ישראל שיווק בעמ</ManufactureName>
      <ManufactureCountry />
      <ManufactureItemDescription />
      <UnitQty>י"ח</UnitQty>
      <Quantity>789</Quantity>
      <UnitMeasure>ל  גרם</UnitMeasure>
      <BisWeighted>0</BisWeighted>
      <QtyInPackage>1</QtyInPackage>
      <ItemPrice>9.90</ItemPrice>
      <UnitOfMeasurePrice>1.25</UnitOfMeasurePrice>
      <AllowDiscount>0</AllowDiscount>
      <itemStatus>1</itemStatus>
      <LastUpdateDate />
      <LastUpdateTime />
    </Product>
    <Product>
      <PriceUpdateDate>2019/05/02 11:57</PriceUpdateDate>
      <ItemCode>8690637879395</ItemCode>
      <ItemType>1</ItemType>
      <ItemName>מגנום דאבל פיסטוק</ItemName>
      <ManufactureName>גלידות שטראוס בעמ</ManufactureName>
      <ManufactureCountry />
      <ManufactureItemDescription />
      <UnitQty>י"ח</UnitQty>
      <Quantity>1</Quantity>
      <UnitMeasure>י"ח</UnitMeasure>
      <BisWeighted>0</BisWeighted>
      <QtyInPackage>1</QtyInPackage>
      <ItemPrice>13</ItemPrice>
      <UnitOfMeasurePrice>13</UnitOfMeasurePrice>
      <AllowDiscount>1</AllowDiscount>
      <itemStatus>1</itemStatus>
      <LastUpdateDate />
      <LastUpdateTime />
    </Product>
    <Product>
      <PriceUpdateDate>2020/02/10 12:50</PriceUpdateDate>
      <ItemCode>8690637935701</ItemCode>
      <ItemType>1</ItemType>
      <ItemName>בדין אקסטרא פריחת הדובדבן ושקדים 960 מ"ל</ItemName>
      <ManufactureName>יוניליוור ישראל שיווק בעמ</ManufactureName>
      <ManufactureCountry />
      <ManufactureItemDescription />
      <UnitQty>י"ח</UnitQty>
      <Quantity>960</Quantity>
      <UnitMeasure>ל  מ"ל</UnitMeasure>
      <BisWeighted>0</BisWeighted>
      <QtyInPackage>1</QtyInPackage>
      <ItemPrice>14.90</ItemPrice>
      <UnitOfMeasurePrice>1.55</UnitOfMeasurePrice>
      <AllowDiscount>0</AllowDiscount>
      <itemStatus>1</itemStatus>
      <LastUpdateDate />
      <LastUpdateTime />
    </Product>
    <Product>
      <PriceUpdateDate>2020/02/10 12:50</PriceUpdateDate>
      <ItemCode>8690637935725</ItemCode>
      <ItemType>1</ItemType>
      <ItemName>בדין אקסטרא פרח הכותנה וניל 960 מ"ל</ItemName>
      <ManufactureName>יוניליוור ישראל שיווק בעמ</ManufactureName>
      <ManufactureCountry />
      <ManufactureItemDescription />
      <UnitQty>י"ח</UnitQty>
      <Quantity>960</Quantity>
      <UnitMeasure>ל  מ"ל</UnitMeasure>
      <BisWeighted>0</BisWeighted>
      <QtyInPackage>1</QtyInPackage>
      <ItemPrice>14.90</ItemPrice>
      <UnitOfMeasurePrice>1.55</UnitOfMeasurePrice>
      <AllowDiscount>0</AllowDiscount>
      <itemStatus>1</itemStatus>
      <LastUpdateDate />
      <LastUpdateTime />
    </Product>
    <Product>
      <PriceUpdateDate>2020/02/16 09:19</PriceUpdateDate>
      <ItemCode>8690637938474</ItemCode>
      <ItemType>1</ItemType>
      <ItemName>מגנום דאבל דבש שקדים</ItemName>
      <ManufactureName>גלידות שטראוס בעמ</ManufactureName>
      <ManufactureCountry />
      <ManufactureItemDescription />
      <UnitQty>י"ח</UnitQty>
      <Quantity>1</Quantity>
      <UnitMeasure>י"ח</UnitMeasure>
      <BisWeighted>0</BisWeighted>
      <QtyInPackage>1</QtyInPackage>
      <ItemPrice>13</ItemPrice>
      <UnitOfMeasurePrice>13</UnitOfMeasurePrice>
      <AllowDiscount>1</AllowDiscount>
      <itemStatus>1</itemStatus>
      <LastUpdateDate />
      <LastUpdateTime />
    </Product>
    <Product>
      <PriceUpdateDate>2020/01/23 09:23</PriceUpdateDate>
      <ItemCode>8690766156381</ItemCode>
      <ItemType>1</ItemType>
      <ItemName>שוקולד מריר מעולה 90% קקאו 90גר Godi</ItemName>
      <ManufactureName>תה ויסוצקי (ישראל)בעמ</ManufactureName>
      <ManufactureCountry />
      <ManufactureItemDescription />
      <UnitQty>י"ח</UnitQty>
      <Quantity>90</Quantity>
      <UnitMeasure>ל  גרם</UnitMeasure>
      <BisWeighted>0</BisWeighted>
      <QtyInPackage>1</QtyInPackage>
      <ItemPrice>14.90</ItemPrice>
      <UnitOfMeasurePrice>16.56</UnitOfMeasurePrice>
      <AllowDiscount>0</AllowDiscount>
      <itemStatus>1</itemStatus>
      <LastUpdateDate />
      <LastUpdateTime />
    </Product>
    <Product>
      <PriceUpdateDate>2018/07/31 15:17</PriceUpdateDate>
      <ItemCode>8690777203012</ItemCode>
      <ItemType>1</ItemType>
      <ItemName>פלפל ירוק כבוש לא חריף SERA 600גר`</ItemName>
      <ManufactureName>ג.וילי פוד אינטרנשיונל בעמ</ManufactureName>
      <ManufactureCountry />
      <ManufactureItemDescription />
      <UnitQty>י"ח</UnitQty>
      <Quantity>600</Quantity>
      <UnitMeasure>ל  גרם</UnitMeasure>
      <BisWeighted>0</BisWeighted>
      <QtyInPackage>1</QtyInPackage>
      <ItemPrice>11.90</ItemPrice>
      <UnitOfMeasurePrice>1.98</UnitOfMeasurePrice>
      <AllowDiscount>0</AllowDiscount>
      <itemStatus>1</itemStatus>
      <LastUpdateDate />
      <LastUpdateTime />
    </Product>
    <Product>
      <PriceUpdateDate>2018/07/31 15:15</PriceUpdateDate>
      <ItemCode>8690777206051</ItemCode>
      <ItemType>1</ItemType>
      <ItemName>חציל קלוי עלSERA האש 650גר</ItemName>
      <ManufactureName>ג.וילי פוד אינטרנשיונל בעמ</ManufactureName>
      <ManufactureCountry />
      <ManufactureItemDescription />
      <UnitQty>י"ח</UnitQty>
      <Quantity>650</Quantity>
      <UnitMeasure>ל  גרם</UnitMeasure>
      <BisWeighted>0</BisWeighted>
      <QtyInPackage>1</QtyInPackage>
      <ItemPrice>11.90</ItemPrice>
      <UnitOfMeasurePrice>1.83</UnitOfMeasurePrice>
      <AllowDiscount>0</AllowDiscount>
      <itemStatus>1</itemStatus>
      <LastUpdateDate />
      <LastUpdateTime />
    </Product>
    <Product>
      <PriceUpdateDate>2018/08/06 12:03</PriceUpdateDate>
      <ItemCode>8690784614559</ItemCode>
      <ItemType>1</ItemType>
      <ItemName>דאק סבון ניקוי לאסלה בניחוח טרופי</ItemName>
      <ManufactureName>דנשר (1963) בעמ</ManufactureName>
      <ManufactureCountry />
      <ManufactureItemDescription />
      <UnitQty>י"ח</UnitQty>
      <Quantity>30</Quantity>
      <UnitMeasure>ל  מ"ל</UnitMeasure>
      <BisWeighted>0</BisWeighted>
      <QtyInPackage>1</QtyInPackage>
      <ItemPrice>9.90</ItemPrice>
      <UnitOfMeasurePrice>33</UnitOfMeasurePrice>
      <AllowDiscount>1</AllowDiscount>
      <itemStatus>1</itemStatus>
      <LastUpdateDate />
      <LastUpdateTime />
    </Product>
    <Product>
      <PriceUpdateDate>2019/06/25 07:48</PriceUpdateDate>
      <ItemCode>8690784711777</ItemCode>
      <ItemType>1</ItemType>
      <ItemName>דאק סבון אקטיבי ים עם אקונומיקה</ItemName>
      <ManufactureName>דנשר (1963) בעמ</ManufactureName>
      <ManufactureCountry />
      <ManufactureItemDescription />
      <UnitQty>י"ח</UnitQty>
      <Quantity>30</Quantity>
      <UnitMeasure>ל  מ"ל</UnitMeasure>
      <BisWeighted>0</BisWeighted>
      <QtyInPackage>1</QtyInPackage>
      <ItemPrice>9.90</ItemPrice>
      <UnitOfMeasurePrice>33</UnitOfMeasurePrice>
      <AllowDiscount>1</AllowDiscount>
      <itemStatus>1</itemStatus>
      <LastUpdateDate />
      <LastUpdateTime />
    </Product>
    <Product>
      <PriceUpdateDate>2018/04/24 10:14</PriceUpdateDate>
      <ItemCode>8693323084028</ItemCode>
      <ItemType>1</ItemType>
      <ItemName>יוגטה גומי קוביות חמוצות   220ג</ItemName>
      <ManufactureName>ליימן שליסל</ManufactureName>
      <ManufactureCountry />
      <ManufactureItemDescription />
      <UnitQty>י"ח</UnitQty>
      <Quantity>220</Quantity>
      <UnitMeasure>ל  גרם</UnitMeasure>
      <BisWeighted>0</BisWeighted>
      <QtyInPackage>1</QtyInPackage>
      <ItemPrice>7.90</ItemPrice>
      <UnitOfMeasurePrice>3.59</UnitOfMeasurePrice>
      <AllowDiscount>1</AllowDiscount>
      <itemStatus>1</itemStatus>
      <LastUpdateDate />
      <LastUpdateTime />
    </Product>
    <Product>
      <PriceUpdateDate>2018/11/12 15:39</PriceUpdateDate>
      <ItemCode>8693323085100</ItemCode>
      <ItemType>1</ItemType>
      <ItemName>יוגטה גומי טעם פירות 100גר</ItemName>
      <ManufactureName>ליימן שליסל</ManufactureName>
      <ManufactureCountry />
      <ManufactureItemDescription />
      <UnitQty>י"ח</UnitQty>
      <Quantity>100</Quantity>
      <UnitMeasure>ל  גרם</UnitMeasure>
      <BisWeighted>0</BisWeighted>
      <QtyInPackage>1</QtyInPackage>
      <ItemPrice>4.90</ItemPrice>
      <UnitOfMeasurePrice>4.90</UnitOfMeasurePrice>
      <AllowDiscount>0</AllowDiscount>
      <itemStatus>1</itemStatus>
      <LastUpdateDate />
      <LastUpdateTime />
    </Product>
    <Product>
      <PriceUpdateDate>2018/11/12 15:39</PriceUpdateDate>
      <ItemCode>8693323086107</ItemCode>
      <ItemType>1</ItemType>
      <ItemName>יוגטה גומי טעם פירות 80גר</ItemName>
      <ManufactureName>ליימן שליסל</ManufactureName>
      <ManufactureCountry />
      <ManufactureItemDescription />
      <UnitQty>י"ח</UnitQty>
      <Quantity>80</Quantity>
      <UnitMeasure>ל  גרם</UnitMeasure>
      <BisWeighted>0</BisWeighted>
      <QtyInPackage>1</QtyInPackage>
      <ItemPrice>4.90</ItemPrice>
      <UnitOfMeasurePrice>6.13</UnitOfMeasurePrice>
      <AllowDiscount>0</AllowDiscount>
      <itemStatus>1</itemStatus>
      <LastUpdateDate />
      <LastUpdateTime />
    </Product>
    <Product>
      <PriceUpdateDate>2018/11/12 15:39</PriceUpdateDate>
      <ItemCode>8693323087104</ItemCode>
      <ItemType>1</ItemType>
      <ItemName>יוגטה גומי טעם אבטיח 100גר</ItemName>
      <ManufactureName>ליימן שליסל</ManufactureName>
      <ManufactureCountry />
      <ManufactureItemDescription />
      <UnitQty>י"ח</UnitQty>
      <Quantity>100</Quantity>
      <UnitMeasure>ל  גרם</UnitMeasure>
      <BisWeighted>0</BisWeighted>
      <QtyInPackage>1</QtyInPackage>
      <ItemPrice>4.90</ItemPrice>
      <UnitOfMeasurePrice>4.90</UnitOfMeasurePrice>
      <AllowDiscount>0</AllowDiscount>
      <itemStatus>1</itemStatus>
      <LastUpdateDate />
      <LastUpdateTime />
    </Product>
    <Product>
      <PriceUpdateDate>2019/07/21 10:16</PriceUpdateDate>
      <ItemCode>8693495052177</ItemCode>
      <ItemType>1</ItemType>
      <ItemName>פלמוליב סבון נוזלי זיתים 750 מ"ל</ItemName>
      <ManufactureName>ש.שסטוביץ בעמ</ManufactureName>
      <ManufactureCountry />
      <ManufactureItemDescription />
      <UnitQty>י"ח</UnitQty>
      <Quantity>750</Quantity>
      <UnitMeasure>ל  מ"ל</UnitMeasure>
      <BisWeighted>0</BisWeighted>
      <QtyInPackage>1</QtyInPackage>
      <ItemPrice>17.90</ItemPrice>
      <UnitOfMeasurePrice>2.39</UnitOfMeasurePrice>
      <AllowDiscount>1</AllowDiscount>
      <itemStatus>1</itemStatus>
      <LastUpdateDate />
      <LastUpdateTime />
    </Product>
    <Product>
      <PriceUpdateDate>2019/02/28 17:02</PriceUpdateDate>
      <ItemCode>8695543006781</ItemCode>
      <ItemType>1</ItemType>
      <ItemName>כדורי גבינה מוצרלה 200ג ויליפוד</ItemName>
      <ManufactureName>ג.וילי פוד אינטרנשיונל בעמ</ManufactureName>
      <ManufactureCountry />
      <ManufactureItemDescription />
      <UnitQty>י"ח</UnitQty>
      <Quantity>200</Quantity>
      <UnitMeasure>ל  גרם</UnitMeasure>
      <BisWeighted>0</BisWeighted>
      <QtyInPackage>1</QtyInPackage>
      <ItemPrice>19.90</ItemPrice>
      <UnitOfMeasurePrice>9.95</UnitOfMeasurePrice>
      <AllowDiscount>1</AllowDiscount>
      <itemStatus>1</itemStatus>
      <LastUpdateDate />
      <LastUpdateTime />
    </Product>
    <Product>
      <PriceUpdateDate>2016/05/29 13:20</PriceUpdateDate>
      <ItemCode>8697530910743</ItemCode>
      <ItemType>1</ItemType>
      <ItemName>פאל מאל לייט קצר בודד</ItemName>
      <ManufactureName>גלוברנדס בעמ</ManufactureName>
      <ManufactureCountry />
      <ManufactureItemDescription />
      <UnitQty>י"ח</UnitQty>
      <Quantity>1</Quantity>
      <UnitMeasure />
      <BisWeighted>0</BisWeighted>
      <QtyInPackage>1</QtyInPackage>
      <ItemPrice>28</ItemPrice>
      <UnitOfMeasurePrice>28</UnitOfMeasurePrice>
      <AllowDiscount>0</AllowDiscount>
      <itemStatus>1</itemStatus>
      <LastUpdateDate />
      <LastUpdateTime />
    </Product>
    <Product>
      <PriceUpdateDate>2016/05/29 13:20</PriceUpdateDate>
      <ItemCode>8697530910750</ItemCode>
      <ItemType>1</ItemType>
      <ItemName>פאל מאל כחול ארוך</ItemName>
      <ManufactureName>גלוברנדס בעמ</ManufactureName>
      <ManufactureCountry />
      <ManufactureItemDescription />
      <UnitQty>י"ח</UnitQty>
      <Quantity>1</Quantity>
      <UnitMeasure />
      <BisWeighted>0</BisWeighted>
      <QtyInPackage>1</QtyInPackage>
      <ItemPrice>28</ItemPrice>
      <UnitOfMeasurePrice>28</UnitOfMeasurePrice>
      <AllowDiscount>0</AllowDiscount>
      <itemStatus>1</itemStatus>
      <LastUpdateDate />
      <LastUpdateTime />
    </Product>
    <Product>
      <PriceUpdateDate>2016/05/29 13:20</PriceUpdateDate>
      <ItemCode>8697530910781</ItemCode>
      <ItemType>1</ItemType>
      <ItemName>פאל מאל אדום</ItemName>
      <ManufactureName>גלוברנדס בעמ</ManufactureName>
      <ManufactureCountry />
      <ManufactureItemDescription />
      <UnitQty>י"ח</UnitQty>
      <Quantity>0</Quantity>
      <UnitMeasure>י"ח</UnitMeasure>
      <BisWeighted>0</BisWeighted>
      <QtyInPackage>1</QtyInPackage>
      <ItemPrice>28</ItemPrice>
      <UnitOfMeasurePrice>28</UnitOfMeasurePrice>
      <AllowDiscount>0</AllowDiscount>
      <itemStatus>1</itemStatus>
      <LastUpdateDate />
      <LastUpdateTime />
    </Product>
    <Product>
      <PriceUpdateDate>2017/12/05 08:36</PriceUpdateDate>
      <ItemCode>8698829380230</ItemCode>
      <ItemType>1</ItemType>
      <ItemName>טורטיה סופיה 420גר 25 ס"מ</ItemName>
      <ManufactureName>עיסא ערטול בעמ-סוכן הנקל סוד</ManufactureName>
      <ManufactureCountry />
      <ManufactureItemDescription />
      <UnitQty>י"ח</UnitQty>
      <Quantity>420</Quantity>
      <UnitMeasure>ל  גרם</UnitMeasure>
      <BisWeighted>0</BisWeighted>
      <QtyInPackage>1</QtyInPackage>
      <ItemPrice>8.90</ItemPrice>
      <UnitOfMeasurePrice>2.12</UnitOfMeasurePrice>
      <AllowDiscount>1</AllowDiscount>
      <itemStatus>1</itemStatus>
      <LastUpdateDate />
      <LastUpdateTime />
    </Product>
    <Product>
      <PriceUpdateDate>2013/12/03 14:04</PriceUpdateDate>
      <ItemCode>8710800961310</ItemCode>
      <ItemType>1</ItemType>
      <ItemName>מנטוס תות 1/4</ItemName>
      <ManufactureName>ליימן שליסל</ManufactureName>
      <ManufactureCountry />
      <ManufactureItemDescription />
      <UnitQty>י"ח</UnitQty>
      <Quantity>150</Quantity>
      <UnitMeasure>ל  גרם</UnitMeasure>
      <BisWeighted>0</BisWeighted>
      <QtyInPackage>1</QtyInPackage>
      <ItemPrice>11.90</ItemPrice>
      <UnitOfMeasurePrice>7.93</UnitOfMeasurePrice>
      <AllowDiscount>1</AllowDiscount>
      <itemStatus>1</itemStatus>
      <LastUpdateDate />
      <LastUpdateTime />
    </Product>
    <Product>
      <PriceUpdateDate>2019/12/31 11:14</PriceUpdateDate>
      <ItemCode>8710847892127</ItemCode>
      <ItemType>1</ItemType>
      <ItemName>בדין כדוריות הבושם צהוב 275 גרם</ItemName>
      <ManufactureName>יוניליוור ישראל שיווק בעמ</ManufactureName>
      <ManufactureCountry />
      <ManufactureItemDescription />
      <UnitQty>י"ח</UnitQty>
      <Quantity>275</Quantity>
      <UnitMeasure>ל  מ"ל</UnitMeasure>
      <BisWeighted>0</BisWeighted>
      <QtyInPackage>1</QtyInPackage>
      <ItemPrice>24.90</ItemPrice>
      <UnitOfMeasurePrice>9.05</UnitOfMeasurePrice>
      <AllowDiscount>0</AllowDiscount>
      <itemStatus>1</itemStatus>
      <LastUpdateDate />
      <LastUpdateTime />
    </Product>
    <Product>
      <PriceUpdateDate>2019/10/06 08:29</PriceUpdateDate>
      <ItemCode>8710847908439</ItemCode>
      <ItemType>1</ItemType>
      <ItemName>אקס בודי ספריי גוף פרש  150מ"ל</ItemName>
      <ManufactureName>יוניליוור ישראל שיווק בעמ</ManufactureName>
      <ManufactureCountry />
      <ManufactureItemDescription />
      <UnitQty>י"ח</UnitQty>
      <Quantity>150</Quantity>
      <UnitMeasure>ל  מ"ל</UnitMeasure>
      <BisWeighted>0</BisWeighted>
      <QtyInPackage>1</QtyInPackage>
      <ItemPrice>14.90</ItemPrice>
      <UnitOfMeasurePrice>9.93</UnitOfMeasurePrice>
      <AllowDiscount>1</AllowDiscount>
      <itemStatus>1</itemStatus>
      <LastUpdateDate />
      <LastUpdateTime />
    </Product>
    <Product>
      <PriceUpdateDate>2019/06/11 09:33</PriceUpdateDate>
      <ItemCode>8711000362693</ItemCode>
      <ItemType>1</ItemType>
      <ItemName>LOR קפסולות אספרסו פפואה</ItemName>
      <ManufactureName>דיפלומט בעמ</ManufactureName>
      <ManufactureCountry />
      <ManufactureItemDescription />
      <UnitQty>י"ח</UnitQty>
      <Quantity>52</Quantity>
      <UnitMeasure>ל  גרם</UnitMeasure>
      <BisWeighted>0</BisWeighted>
      <QtyInPackage>1</QtyInPackage>
      <ItemPrice>19.90</ItemPrice>
      <UnitOfMeasurePrice>38.27</UnitOfMeasurePrice>
      <AllowDiscount>1</AllowDiscount>
      <itemStatus>1</itemStatus>
      <LastUpdateDate />
      <LastUpdateTime />
    </Product>
    <Product>
      <PriceUpdateDate>2018/10/15 10:48</PriceUpdateDate>
      <ItemCode>8711000362747</ItemCode>
      <ItemType>1</ItemType>
      <ItemName>קפסולות אספרסו L OR RISTRETTO</ItemName>
      <ManufactureName>דיפלומט בעמ</ManufactureName>
      <ManufactureCountry />
      <ManufactureItemDescription />
      <UnitQty>י"ח</UnitQty>
      <Quantity>52</Quantity>
      <UnitMeasure>ל  גרם</UnitMeasure>
      <BisWeighted>0</BisWeighted>
      <QtyInPackage>1</QtyInPackage>
      <ItemPrice>19.90</ItemPrice>
      <UnitOfMeasurePrice>38.27</UnitOfMeasurePrice>
      <AllowDiscount>1</AllowDiscount>
      <itemStatus>1</itemStatus>
      <LastUpdateDate />
      <LastUpdateTime />
    </Product>
    <Product>
      <PriceUpdateDate>2018/12/17 12:12</PriceUpdateDate>
      <ItemCode>8711000371176</ItemCode>
      <ItemType>1</ItemType>
      <ItemName>גייקובס קפסולות קפה קלאסיקו</ItemName>
      <ManufactureName>דיפלומט בעמ</ManufactureName>
      <ManufactureCountry />
      <ManufactureItemDescription />
      <UnitQty>י"ח</UnitQty>
      <Quantity>52</Quantity>
      <UnitMeasure>ל  גרם</UnitMeasure>
      <BisWeighted>0</BisWeighted>
      <QtyInPackage>1</QtyInPackage>
      <ItemPrice>16.90</ItemPrice>
      <UnitOfMeasurePrice>32.50</UnitOfMeasurePrice>
      <AllowDiscount>1</AllowDiscount>
      <itemStatus>1</itemStatus>
      <LastUpdateDate />
      <LastUpdateTime />
    </Product>
    <Product>
      <PriceUpdateDate>2018/12/17 12:12</PriceUpdateDate>
      <ItemCode>8711000371183</ItemCode>
      <ItemType>1</ItemType>
      <ItemName>גייקובס קפסולות קפה אינטנסו</ItemName>
      <ManufactureName>דיפלומט בעמ</ManufactureName>
      <ManufactureCountry />
      <ManufactureItemDescription />
      <UnitQty>י"ח</UnitQty>
      <Quantity>52</Quantity>
      <UnitMeasure>ל  גרם</UnitMeasure>
      <BisWeighted>0</BisWeighted>
      <QtyInPackage>1</QtyInPackage>
      <ItemPrice>16.90</ItemPrice>
      <UnitOfMeasurePrice>32.50</UnitOfMeasurePrice>
      <AllowDiscount>1</AllowDiscount>
      <itemStatus>1</itemStatus>
      <LastUpdateDate />
      <LastUpdateTime />
    </Product>
    <Product>
      <PriceUpdateDate>2019/12/16 12:52</PriceUpdateDate>
      <ItemCode>8711000371244</ItemCode>
      <ItemType>1</ItemType>
      <ItemName>גייקובס קפסולות קפה לונגו</ItemName>
      <ManufactureName>דיפלומט בעמ</ManufactureName>
      <ManufactureCountry />
      <ManufactureItemDescription />
      <UnitQty>י"ח</UnitQty>
      <Quantity>52</Quantity>
      <UnitMeasure>ל  גרם</UnitMeasure>
      <BisWeighted>0</BisWeighted>
      <QtyInPackage>1</QtyInPackage>
      <ItemPrice>16.90</ItemPrice>
      <UnitOfMeasurePrice>32.50</UnitOfMeasurePrice>
      <AllowDiscount>1</AllowDiscount>
      <itemStatus>1</itemStatus>
      <LastUpdateDate />
      <LastUpdateTime />
    </Product>
    <Product>
      <PriceUpdateDate>2019/12/31 11:14</PriceUpdateDate>
      <ItemCode>8711600656437</ItemCode>
      <ItemType>1</ItemType>
      <ItemName>אקס ג ל רחצה ספורט  400מ"ל</ItemName>
      <ManufactureName>יוניליוור ישראל שיווק בעמ</ManufactureName>
      <ManufactureCountry />
      <ManufactureItemDescription />
      <UnitQty>י"ח</UnitQty>
      <Quantity>400</Quantity>
      <UnitMeasure>ל  מ"ל</UnitMeasure>
      <BisWeighted>0</BisWeighted>
      <QtyInPackage>1</QtyInPackage>
      <ItemPrice>7.90</ItemPrice>
      <UnitOfMeasurePrice>1.98</UnitOfMeasurePrice>
      <AllowDiscount>0</AllowDiscount>
      <itemStatus>1</itemStatus>
      <LastUpdateDate />
      <LastUpdateTime />
    </Product>
    <Product>
      <PriceUpdateDate>2019/08/25 14:59</PriceUpdateDate>
      <ItemCode>8712000050146</ItemCode>
      <ItemType>1</ItemType>
      <ItemName>היינקן בקבוק  330מ"ל בודד 0%.</ItemName>
      <ManufactureName>טמפו משקאות בעמ</ManufactureName>
      <ManufactureCountry />
      <ManufactureItemDescription />
      <UnitQty>י"ח</UnitQty>
      <Quantity>1.98</Quantity>
      <UnitMeasure>ליטר</UnitMeasure>
      <BisWeighted>0</BisWeighted>
      <QtyInPackage>1</QtyInPackage>
      <ItemPrice>5.60</ItemPrice>
      <UnitOfMeasurePrice>2.68</UnitOfMeasurePrice>
      <AllowDiscount>0</AllowDiscount>
      <itemStatus>1</itemStatus>
      <LastUpdateDate />
      <LastUpdateTime />
    </Product>
    <Product>
      <PriceUpdateDate>2017/04/02 10:42</PriceUpdateDate>
      <ItemCode>8712400717984</ItemCode>
      <ItemType>1</ItemType>
      <ItemName>נוטרילון קומפורט 400ג</ItemName>
      <ManufactureName>דיפלומט בעמ</ManufactureName>
      <ManufactureCountry />
      <ManufactureItemDescription />
      <UnitQty>י"ח</UnitQty>
      <Quantity>400</Quantity>
      <UnitMeasure>ל  גרם</UnitMeasure>
      <BisWeighted>0</BisWeighted>
      <QtyInPackage>1</QtyInPackage>
      <ItemPrice>44.90</ItemPrice>
      <UnitOfMeasurePrice>11.23</UnitOfMeasurePrice>
      <AllowDiscount>0</AllowDiscount>
      <itemStatus>1</itemStatus>
      <LastUpdateDate />
      <LastUpdateTime />
    </Product>
    <Product>
      <PriceUpdateDate>2020/01/23 22:48</PriceUpdateDate>
      <ItemCode>8712400802512</ItemCode>
      <ItemType>1</ItemType>
      <ItemName>נוטרילון שלב 2 800 גרם</ItemName>
      <ManufactureName>דיפלומט בעמ</ManufactureName>
      <ManufactureCountry />
      <ManufactureItemDescription />
      <UnitQty>י"ח</UnitQty>
      <Quantity>800</Quantity>
      <UnitMeasure>ל  גרם</UnitMeasure>
      <BisWeighted>0</BisWeighted>
      <QtyInPackage>1</QtyInPackage>
      <ItemPrice>59.90</ItemPrice>
      <UnitOfMeasurePrice>7.49</UnitOfMeasurePrice>
      <AllowDiscount>1</AllowDiscount>
      <itemStatus>1</itemStatus>
      <LastUpdateDate />
      <LastUpdateTime />
    </Product>
    <Product>
      <PriceUpdateDate>2020/01/23 22:49</PriceUpdateDate>
      <ItemCode>8712400802536</ItemCode>
      <ItemType>1</ItemType>
      <ItemName>נוטרילון שלב 3 800 גרם</ItemName>
      <ManufactureName>דיפלומט בעמ</ManufactureName>
      <ManufactureCountry />
      <ManufactureItemDescription />
      <UnitQty>י"ח</UnitQty>
      <Quantity>800</Quantity>
      <UnitMeasure>ל  גרם</UnitMeasure>
      <BisWeighted>0</BisWeighted>
      <QtyInPackage>1</QtyInPackage>
      <ItemPrice>59.90</ItemPrice>
      <UnitOfMeasurePrice>7.49</UnitOfMeasurePrice>
      <AllowDiscount>1</AllowDiscount>
      <itemStatus>1</itemStatus>
      <LastUpdateDate />
      <LastUpdateTime />
    </Product>
    <Product>
      <PriceUpdateDate>2019/11/28 06:33</PriceUpdateDate>
      <ItemCode>8714599104316</ItemCode>
      <ItemType>1</ItemType>
      <ItemName>ג`יקובס קפה שחור קלוי וטחון טורקי 200ג</ItemName>
      <ManufactureName>דיפלומט בעמ</ManufactureName>
      <ManufactureCountry />
      <ManufactureItemDescription />
      <UnitQty>י"ח</UnitQty>
      <Quantity>200</Quantity>
      <UnitMeasure>ל  גרם</UnitMeasure>
      <BisWeighted>0</BisWeighted>
      <QtyInPackage>1</QtyInPackage>
      <ItemPrice>14.90</ItemPrice>
      <UnitOfMeasurePrice>7.45</UnitOfMeasurePrice>
      <AllowDiscount>0</AllowDiscount>
      <itemStatus>1</itemStatus>
      <LastUpdateDate />
      <LastUpdateTime />
    </Product>
    <Product>
      <PriceUpdateDate>2018/05/17 12:42</PriceUpdateDate>
      <ItemCode>8714599513835</ItemCode>
      <ItemType>1</ItemType>
      <ItemName>ג`ייקובס נטול קופאין 200גר</ItemName>
      <ManufactureName>דיפלומט בעמ</ManufactureName>
      <ManufactureCountry />
      <ManufactureItemDescription />
      <UnitQty>י"ח</UnitQty>
      <Quantity>200</Quantity>
      <UnitMeasure>ל  גרם</UnitMeasure>
      <BisWeighted>0</BisWeighted>
      <QtyInPackage>1</QtyInPackage>
      <ItemPrice>33.90</ItemPrice>
      <UnitOfMeasurePrice>16.95</UnitOfMeasurePrice>
      <AllowDiscount>0</AllowDiscount>
      <itemStatus>1</itemStatus>
      <LastUpdateDate />
      <LastUpdateTime />
    </Product>
    <Product>
      <PriceUpdateDate>2017/02/28 12:02</PriceUpdateDate>
      <ItemCode>8714789292939</ItemCode>
      <ItemType>1</ItemType>
      <ItemName>מברשת שיניים מקס פרש S</ItemName>
      <ManufactureName>ש.שסטוביץ בעמ</ManufactureName>
      <ManufactureCountry />
      <ManufactureItemDescription />
      <UnitQty>י"ח</UnitQty>
      <Quantity>1</Quantity>
      <UnitMeasure />
      <BisWeighted>0</BisWeighted>
      <QtyInPackage>1</QtyInPackage>
      <ItemPrice>21.90</ItemPrice>
      <UnitOfMeasurePrice>21.90</UnitOfMeasurePrice>
      <AllowDiscount>1</AllowDiscount>
      <itemStatus>1</itemStatus>
      <LastUpdateDate />
      <LastUpdateTime />
    </Product>
    <Product>
      <PriceUpdateDate>2016/05/26 14:37</PriceUpdateDate>
      <ItemCode>8714789402918</ItemCode>
      <ItemType>1</ItemType>
      <ItemName>אג קס חגיגת פרחים 1.5ליטר</ItemName>
      <ManufactureName>ש.שסטוביץ בעמ</ManufactureName>
      <ManufactureCountry />
      <ManufactureItemDescription />
      <UnitQty>י"ח</UnitQty>
      <Quantity>1.50</Quantity>
      <UnitMeasure>ליטר</UnitMeasure>
      <BisWeighted>0</BisWeighted>
      <QtyInPackage>1</QtyInPackage>
      <ItemPrice>17.90</ItemPrice>
      <UnitOfMeasurePrice>11.93</UnitOfMeasurePrice>
      <AllowDiscount>0</AllowDiscount>
      <itemStatus>1</itemStatus>
      <LastUpdateDate />
      <LastUpdateTime />
    </Product>
    <Product>
      <PriceUpdateDate>2016/05/26 14:37</PriceUpdateDate>
      <ItemCode>8714789402932</ItemCode>
      <ItemType>1</ItemType>
      <ItemName>אג`קס חגיגת הפרחים ורוד 1.5 ליטר</ItemName>
      <ManufactureName>ש.שסטוביץ בעמ</ManufactureName>
      <ManufactureCountry />
      <ManufactureItemDescription />
      <UnitQty>י"ח</UnitQty>
      <Quantity>1.50</Quantity>
      <UnitMeasure>ליטר</UnitMeasure>
      <BisWeighted>0</BisWeighted>
      <QtyInPackage>1</QtyInPackage>
      <ItemPrice>17.90</ItemPrice>
      <UnitOfMeasurePrice>11.93</UnitOfMeasurePrice>
      <AllowDiscount>0</AllowDiscount>
      <itemStatus>1</itemStatus>
      <LastUpdateDate />
      <LastUpdateTime />
    </Product>
    <Product>
      <PriceUpdateDate>2015/02/11 11:37</PriceUpdateDate>
      <ItemCode>8714789450315</ItemCode>
      <ItemType>1</ItemType>
      <ItemName>פלמוליב כלים שקוף לימון 1.5 ל`</ItemName>
      <ManufactureName>ש.שסטוביץ בעמ</ManufactureName>
      <ManufactureCountry />
      <ManufactureItemDescription />
      <UnitQty>י"ח</UnitQty>
      <Quantity>1.50</Quantity>
      <UnitMeasure>ליטר</UnitMeasure>
      <BisWeighted>0</BisWeighted>
      <QtyInPackage>1</QtyInPackage>
      <ItemPrice>15.90</ItemPrice>
      <UnitOfMeasurePrice>10.60</UnitOfMeasurePrice>
      <AllowDiscount>1</AllowDiscount>
      <itemStatus>1</itemStatus>
      <LastUpdateDate />
      <LastUpdateTime />
    </Product>
    <Product>
      <PriceUpdateDate>2017/11/12 11:35</PriceUpdateDate>
      <ItemCode>8715700110141</ItemCode>
      <ItemType>1</ItemType>
      <ItemName>מיונז היינץ 460 גרם צנצנת</ItemName>
      <ManufactureName>דיפלומט בעמ</ManufactureName>
      <ManufactureCountry />
      <ManufactureItemDescription />
      <UnitQty>י"ח</UnitQty>
      <Quantity>460</Quantity>
      <UnitMeasure>ל  גרם</UnitMeasure>
      <BisWeighted>0</BisWeighted>
      <QtyInPackage>1</QtyInPackage>
      <ItemPrice>11.90</ItemPrice>
      <UnitOfMeasurePrice>2.59</UnitOfMeasurePrice>
      <AllowDiscount>1</AllowDiscount>
      <itemStatus>1</itemStatus>
      <LastUpdateDate />
      <LastUpdateTime />
    </Product>
    <Product>
      <PriceUpdateDate>2017/11/12 08:43</PriceUpdateDate>
      <ItemCode>8715700115641</ItemCode>
      <ItemType>1</ItemType>
      <ItemName>ממרח היינץ לייט ללא חומרים משמרים 395ג</ItemName>
      <ManufactureName>דיפלומט בעמ</ManufactureName>
      <ManufactureCountry />
      <ManufactureItemDescription />
      <UnitQty>י"ח</UnitQty>
      <Quantity>395</Quantity>
      <UnitMeasure>ל  גרם</UnitMeasure>
      <BisWeighted>0</BisWeighted>
      <QtyInPackage>1</QtyInPackage>
      <ItemPrice>14.90</ItemPrice>
      <UnitOfMeasurePrice>3.77</UnitOfMeasurePrice>
      <AllowDiscount>0</AllowDiscount>
      <itemStatus>1</itemStatus>
      <LastUpdateDate />
      <LastUpdateTime />
    </Product>
    <Product>
      <PriceUpdateDate>2014/08/13 09:33</PriceUpdateDate>
      <ItemCode>8715700419732</ItemCode>
      <ItemType>1</ItemType>
      <ItemName>קטשופ היינץ 700ג</ItemName>
      <ManufactureName>דיפלומט בעמ</ManufactureName>
      <ManufactureCountry />
      <ManufactureItemDescription />
      <UnitQty>י"ח</UnitQty>
      <Quantity>700</Quantity>
      <UnitMeasure>ל  גרם</UnitMeasure>
      <BisWeighted>0</BisWeighted>
      <QtyInPackage>1</QtyInPackage>
      <ItemPrice>12.90</ItemPrice>
      <UnitOfMeasurePrice>1.84</UnitOfMeasurePrice>
      <AllowDiscount>1</AllowDiscount>
      <itemStatus>1</itemStatus>
      <LastUpdateDate />
      <LastUpdateTime />
    </Product>
    <Product>
      <PriceUpdateDate>2017/12/31 15:27</PriceUpdateDate>
      <ItemCode>8715700422367</ItemCode>
      <ItemType>1</ItemType>
      <ItemName>מיונז היינץ 420 גרם לייט</ItemName>
      <ManufactureName>דיפלומט בעמ</ManufactureName>
      <ManufactureCountry />
      <ManufactureItemDescription />
      <UnitQty>י"ח</UnitQty>
      <Quantity>420</Quantity>
      <UnitMeasure>ל  גרם</UnitMeasure>
      <BisWeighted>0</BisWeighted>
      <QtyInPackage>1</QtyInPackage>
      <ItemPrice>11.90</ItemPrice>
      <UnitOfMeasurePrice>2.83</UnitOfMeasurePrice>
      <AllowDiscount>0</AllowDiscount>
      <itemStatus>1</itemStatus>
      <LastUpdateDate />
      <LastUpdateTime />
    </Product>
    <Product>
      <PriceUpdateDate>2017/12/31 15:27</PriceUpdateDate>
      <ItemCode>8715700422381</ItemCode>
      <ItemType>1</ItemType>
      <ItemName>מיונז היינץ 420 גרם.</ItemName>
      <ManufactureName>דיפלומט בעמ</ManufactureName>
      <ManufactureCountry />
      <ManufactureItemDescription />
      <UnitQty>י"ח</UnitQty>
      <Quantity>420</Quantity>
      <UnitMeasure>ל  גרם</UnitMeasure>
      <BisWeighted>0</BisWeighted>
      <QtyInPackage>1</QtyInPackage>
      <ItemPrice>11.90</ItemPrice>
      <UnitOfMeasurePrice>2.83</UnitOfMeasurePrice>
      <AllowDiscount>0</AllowDiscount>
      <itemStatus>1</itemStatus>
      <LastUpdateDate />
      <LastUpdateTime />
    </Product>
    <Product>
      <PriceUpdateDate>2017/01/17 11:00</PriceUpdateDate>
      <ItemCode>8715700422473</ItemCode>
      <ItemType>1</ItemType>
      <ItemName>ממרח היינץ ללא חומרים משמרים 395גר</ItemName>
      <ManufactureName>דיפלומט בעמ</ManufactureName>
      <ManufactureCountry />
      <ManufactureItemDescription />
      <UnitQty>י"ח</UnitQty>
      <Quantity>395</Quantity>
      <UnitMeasure>ל  גרם</UnitMeasure>
      <BisWeighted>0</BisWeighted>
      <QtyInPackage>1</QtyInPackage>
      <ItemPrice>14.90</ItemPrice>
      <UnitOfMeasurePrice>3.77</UnitOfMeasurePrice>
      <AllowDiscount>0</AllowDiscount>
      <itemStatus>1</itemStatus>
      <LastUpdateDate />
      <LastUpdateTime />
    </Product>
    <Product>
      <PriceUpdateDate>2018/03/08 13:02</PriceUpdateDate>
      <ItemCode>8715700423906</ItemCode>
      <ItemType>1</ItemType>
      <ItemName>מתבל עגבניות  היינץ  555גר</ItemName>
      <ManufactureName>דיפלומט בעמ</ManufactureName>
      <ManufactureCountry />
      <ManufactureItemDescription />
      <UnitQty>י"ח</UnitQty>
      <Quantity>555</Quantity>
      <UnitMeasure>ל  גרם</UnitMeasure>
      <BisWeighted>0</BisWeighted>
      <QtyInPackage>1</QtyInPackage>
      <ItemPrice>11.90</ItemPrice>
      <UnitOfMeasurePrice>2.14</UnitOfMeasurePrice>
      <AllowDiscount>1</AllowDiscount>
      <itemStatus>1</itemStatus>
      <LastUpdateDate />
      <LastUpdateTime />
    </Product>
    <Product>
      <PriceUpdateDate>2019/04/24 14:50</PriceUpdateDate>
      <ItemCode>8717163647196</ItemCode>
      <ItemType>1</ItemType>
      <ItemName>אקס דאו אנרכי בנות 150מ"ל</ItemName>
      <ManufactureName>יוניליוור ישראל שיווק בעמ</ManufactureName>
      <ManufactureCountry />
      <ManufactureItemDescription />
      <UnitQty>י"ח</UnitQty>
      <Quantity>150</Quantity>
      <UnitMeasure>ל  מ"ל</UnitMeasure>
      <BisWeighted>0</BisWeighted>
      <QtyInPackage>1</QtyInPackage>
      <ItemPrice>14.90</ItemPrice>
      <UnitOfMeasurePrice>9.93</UnitOfMeasurePrice>
      <AllowDiscount>1</AllowDiscount>
      <itemStatus>1</itemStatus>
      <LastUpdateDate />
      <LastUpdateTime />
    </Product>
    <Product>
      <PriceUpdateDate>2019/04/24 14:50</PriceUpdateDate>
      <ItemCode>8717163647202</ItemCode>
      <ItemType>1</ItemType>
      <ItemName>אקס בודי ספריי גברים</ItemName>
      <ManufactureName>יוניליוור ישראל שיווק בעמ</ManufactureName>
      <ManufactureCountry />
      <ManufactureItemDescription />
      <UnitQty>י"ח</UnitQty>
      <Quantity>150</Quantity>
      <UnitMeasure>ל  מ"ל</UnitMeasure>
      <BisWeighted>0</BisWeighted>
      <QtyInPackage>1</QtyInPackage>
      <ItemPrice>14.90</ItemPrice>
      <UnitOfMeasurePrice>9.93</UnitOfMeasurePrice>
      <AllowDiscount>1</AllowDiscount>
      <itemStatus>1</itemStatus>
      <LastUpdateDate />
      <LastUpdateTime />
    </Product>
    <Product>
      <PriceUpdateDate>2019/04/24 14:50</PriceUpdateDate>
      <ItemCode>8717163647219</ItemCode>
      <ItemType>1</ItemType>
      <ItemName>אקס בודי ספריי אפולו לגבר 150מ"ל</ItemName>
      <ManufactureName>יוניליוור ישראל שיווק בעמ</ManufactureName>
      <ManufactureCountry />
      <ManufactureItemDescription />
      <UnitQty>י"ח</UnitQty>
      <Quantity>150</Quantity>
      <UnitMeasure>ל  מ"ל</UnitMeasure>
      <BisWeighted>0</BisWeighted>
      <QtyInPackage>1</QtyInPackage>
      <ItemPrice>14.90</ItemPrice>
      <UnitOfMeasurePrice>9.93</UnitOfMeasurePrice>
      <AllowDiscount>1</AllowDiscount>
      <itemStatus>1</itemStatus>
      <LastUpdateDate />
      <LastUpdateTime />
    </Product>
    <Product>
      <PriceUpdateDate>2019/04/24 14:50</PriceUpdateDate>
      <ItemCode>8717163647226</ItemCode>
      <ItemType>1</ItemType>
      <ItemName>אקס בודי ספריי בלק 150מ"ל</ItemName>
      <ManufactureName>יוניליוור ישראל שיווק בעמ</ManufactureName>
      <ManufactureCountry />
      <ManufactureItemDescription />
      <UnitQty>י"ח</UnitQty>
      <Quantity>150</Quantity>
      <UnitMeasure>ל  מ"ל</UnitMeasure>
      <BisWeighted>0</BisWeighted>
      <QtyInPackage>1</QtyInPackage>
      <ItemPrice>14.90</ItemPrice>
      <UnitOfMeasurePrice>9.93</UnitOfMeasurePrice>
      <AllowDiscount>1</AllowDiscount>
      <itemStatus>1</itemStatus>
      <LastUpdateDate />
      <LastUpdateTime />
    </Product>
    <Product>
      <PriceUpdateDate>2019/04/24 14:50</PriceUpdateDate>
      <ItemCode>8717163647233</ItemCode>
      <ItemType>1</ItemType>
      <ItemName>אקס דאו בודי ספריי בלאק נייט  150מ"ל</ItemName>
      <ManufactureName>יוניליוור ישראל שיווק בעמ</ManufactureName>
      <ManufactureCountry />
      <ManufactureItemDescription />
      <UnitQty>י"ח</UnitQty>
      <Quantity>150</Quantity>
      <UnitMeasure>ל  מ"ל</UnitMeasure>
      <BisWeighted>0</BisWeighted>
      <QtyInPackage>1</QtyInPackage>
      <ItemPrice>14.90</ItemPrice>
      <UnitOfMeasurePrice>9.93</UnitOfMeasurePrice>
      <AllowDiscount>1</AllowDiscount>
      <itemStatus>1</itemStatus>
      <LastUpdateDate />
      <LastUpdateTime />
    </Product>
    <Product>
      <PriceUpdateDate>2019/04/24 14:50</PriceUpdateDate>
      <ItemCode>8717163647240</ItemCode>
      <ItemType>1</ItemType>
      <ItemName>דאו`ספריי אקס שוק 150 מ``ל</ItemName>
      <ManufactureName>יוניליוור ישראל שיווק בעמ</ManufactureName>
      <ManufactureCountry />
      <ManufactureItemDescription />
      <UnitQty>י"ח</UnitQty>
      <Quantity>150</Quantity>
      <UnitMeasure>ל  מ"ל</UnitMeasure>
      <BisWeighted>0</BisWeighted>
      <QtyInPackage>1</QtyInPackage>
      <ItemPrice>14.90</ItemPrice>
      <UnitOfMeasurePrice>9.93</UnitOfMeasurePrice>
      <AllowDiscount>1</AllowDiscount>
      <itemStatus>1</itemStatus>
      <LastUpdateDate />
      <LastUpdateTime />
    </Product>
    <Product>
      <PriceUpdateDate>2019/04/24 14:50</PriceUpdateDate>
      <ItemCode>8717163647257</ItemCode>
      <ItemType>1</ItemType>
      <ItemName>אקס דאו ספריי גוף גולד 150מ"ל</ItemName>
      <ManufactureName>יוניליוור ישראל שיווק בעמ</ManufactureName>
      <ManufactureCountry />
      <ManufactureItemDescription />
      <UnitQty>י"ח</UnitQty>
      <Quantity>150</Quantity>
      <UnitMeasure>ל  מ"ל</UnitMeasure>
      <BisWeighted>0</BisWeighted>
      <QtyInPackage>1</QtyInPackage>
      <ItemPrice>14.90</ItemPrice>
      <UnitOfMeasurePrice>9.93</UnitOfMeasurePrice>
      <AllowDiscount>1</AllowDiscount>
      <itemStatus>1</itemStatus>
      <LastUpdateDate />
      <LastUpdateTime />
    </Product>
    <Product>
      <PriceUpdateDate>2019/04/30 11:43</PriceUpdateDate>
      <ItemCode>8717163647264</ItemCode>
      <ItemType>1</ItemType>
      <ItemName>אקס בודי ספריי בלק 150מ"ל</ItemName>
      <ManufactureName>יוניליוור ישראל שיווק בעמ</ManufactureName>
      <ManufactureCountry />
      <ManufactureItemDescription />
      <UnitQty>י"ח</UnitQty>
      <Quantity>150</Quantity>
      <UnitMeasure>ל  מ"ל</UnitMeasure>
      <BisWeighted>0</BisWeighted>
      <QtyInPackage>1</QtyInPackage>
      <ItemPrice>14.90</ItemPrice>
      <UnitOfMeasurePrice>9.93</UnitOfMeasurePrice>
      <AllowDiscount>1</AllowDiscount>
      <itemStatus>1</itemStatus>
      <LastUpdateDate />
      <LastUpdateTime />
    </Product>
    <Product>
      <PriceUpdateDate>2019/04/24 14:50</PriceUpdateDate>
      <ItemCode>8717163647271</ItemCode>
      <ItemType>1</ItemType>
      <ItemName>אקס ספריי גוף לגבר קוליז ן 150מ"ל</ItemName>
      <ManufactureName>יוניליוור ישראל שיווק בעמ</ManufactureName>
      <ManufactureCountry />
      <ManufactureItemDescription />
      <UnitQty>י"ח</UnitQty>
      <Quantity>150</Quantity>
      <UnitMeasure>ל  מ"ל</UnitMeasure>
      <BisWeighted>0</BisWeighted>
      <QtyInPackage>1</QtyInPackage>
      <ItemPrice>14.90</ItemPrice>
      <UnitOfMeasurePrice>9.93</UnitOfMeasurePrice>
      <AllowDiscount>1</AllowDiscount>
      <itemStatus>1</itemStatus>
      <LastUpdateDate />
      <LastUpdateTime />
    </Product>
    <Product>
      <PriceUpdateDate>2019/04/24 14:50</PriceUpdateDate>
      <ItemCode>8717163647295</ItemCode>
      <ItemType>1</ItemType>
      <ItemName>אקס ספריי אדרנלין 150מ"ל</ItemName>
      <ManufactureName>יוניליוור ישראל שיווק בעמ</ManufactureName>
      <ManufactureCountry />
      <ManufactureItemDescription />
      <UnitQty>י"ח</UnitQty>
      <Quantity>150</Quantity>
      <UnitMeasure>ל  מ"ל</UnitMeasure>
      <BisWeighted>0</BisWeighted>
      <QtyInPackage>1</QtyInPackage>
      <ItemPrice>14.90</ItemPrice>
      <UnitOfMeasurePrice>9.93</UnitOfMeasurePrice>
      <AllowDiscount>1</AllowDiscount>
      <itemStatus>1</itemStatus>
      <LastUpdateDate />
      <LastUpdateTime />
    </Product>
    <Product>
      <PriceUpdateDate>2019/10/28 07:15</PriceUpdateDate>
      <ItemCode>8717163655764</ItemCode>
      <ItemType>1</ItemType>
      <ItemName>רקסונה ספריי פרש 150מ"ל</ItemName>
      <ManufactureName>יוניליוור ישראל שיווק בעמ</ManufactureName>
      <ManufactureCountry />
      <ManufactureItemDescription />
      <UnitQty>י"ח</UnitQty>
      <Quantity>150</Quantity>
      <UnitMeasure>ל  מ"ל</UnitMeasure>
      <BisWeighted>0</BisWeighted>
      <QtyInPackage>1</QtyInPackage>
      <ItemPrice>11.90</ItemPrice>
      <UnitOfMeasurePrice>7.93</UnitOfMeasurePrice>
      <AllowDiscount>1</AllowDiscount>
      <itemStatus>1</itemStatus>
      <LastUpdateDate />
      <LastUpdateTime />
    </Product>
    <Product>
      <PriceUpdateDate>2019/05/01 10:23</PriceUpdateDate>
      <ItemCode>8717163666753</ItemCode>
      <ItemType>1</ItemType>
      <ItemName>אקס דאו ספריי לגבר גולד 150מ"ל</ItemName>
      <ManufactureName>יוניליוור ישראל שיווק בעמ</ManufactureName>
      <ManufactureCountry />
      <ManufactureItemDescription />
      <UnitQty>י"ח</UnitQty>
      <Quantity>150</Quantity>
      <UnitMeasure>ל  מ"ל</UnitMeasure>
      <BisWeighted>0</BisWeighted>
      <QtyInPackage>1</QtyInPackage>
      <ItemPrice>14.90</ItemPrice>
      <UnitOfMeasurePrice>9.93</UnitOfMeasurePrice>
      <AllowDiscount>1</AllowDiscount>
      <itemStatus>1</itemStatus>
      <LastUpdateDate />
      <LastUpdateTime />
    </Product>
    <Product>
      <PriceUpdateDate>2019/12/31 11:14</PriceUpdateDate>
      <ItemCode>8717163676943</ItemCode>
      <ItemType>1</ItemType>
      <ItemName>דאב סבון נוזלי להזנה עמוקה 750 מ"ל</ItemName>
      <ManufactureName>יוניליוור ישראל שיווק בעמ</ManufactureName>
      <ManufactureCountry />
      <ManufactureItemDescription />
      <UnitQty>י"ח</UnitQty>
      <Quantity>750</Quantity>
      <UnitMeasure>ל  מ"ל</UnitMeasure>
      <BisWeighted>0</BisWeighted>
      <QtyInPackage>1</QtyInPackage>
      <ItemPrice>17.90</ItemPrice>
      <UnitOfMeasurePrice>2.39</UnitOfMeasurePrice>
      <AllowDiscount>0</AllowDiscount>
      <itemStatus>1</itemStatus>
      <LastUpdateDate />
      <LastUpdateTime />
    </Product>
    <Product>
      <PriceUpdateDate>2019/01/13 11:56</PriceUpdateDate>
      <ItemCode>8718951076372</ItemCode>
      <ItemType>1</ItemType>
      <ItemName>משחת שיניים הרבל קולגייט 100מ"ל</ItemName>
      <ManufactureName>ש.שסטוביץ בעמ</ManufactureName>
      <ManufactureCountry />
      <ManufactureItemDescription />
      <UnitQty>י"ח</UnitQty>
      <Quantity>100</Quantity>
      <UnitMeasure>ל  גרם</UnitMeasure>
      <BisWeighted>0</BisWeighted>
      <QtyInPackage>1</QtyInPackage>
      <ItemPrice>14.90</ItemPrice>
      <UnitOfMeasurePrice>14.90</UnitOfMeasurePrice>
      <AllowDiscount>0</AllowDiscount>
      <itemStatus>1</itemStatus>
      <LastUpdateDate />
      <LastUpdateTime />
    </Product>
    <Product>
      <PriceUpdateDate>2019/06/03 12:00</PriceUpdateDate>
      <ItemCode>8718951100855</ItemCode>
      <ItemType>1</ItemType>
      <ItemName>קולגייט מקס אינטנס פואם 125מ"ל.</ItemName>
      <ManufactureName>ש.שסטוביץ בעמ</ManufactureName>
      <ManufactureCountry />
      <ManufactureItemDescription />
      <UnitQty>י"ח</UnitQty>
      <Quantity>125</Quantity>
      <UnitMeasure>ל  מ"ל</UnitMeasure>
      <BisWeighted>0</BisWeighted>
      <QtyInPackage>1</QtyInPackage>
      <ItemPrice>21.90</ItemPrice>
      <UnitOfMeasurePrice>17.52</UnitOfMeasurePrice>
      <AllowDiscount>1</AllowDiscount>
      <itemStatus>1</itemStatus>
      <LastUpdateDate />
      <LastUpdateTime />
    </Product>
    <Product>
      <PriceUpdateDate>2017/07/27 14:33</PriceUpdateDate>
      <ItemCode>8718951160897</ItemCode>
      <ItemType>1</ItemType>
      <ItemName>אגקס ספריי אקונומיקה   500מ"ל</ItemName>
      <ManufactureName>ש.שסטוביץ בעמ</ManufactureName>
      <ManufactureCountry />
      <ManufactureItemDescription />
      <UnitQty>י"ח</UnitQty>
      <Quantity>500</Quantity>
      <UnitMeasure>ל  מ"ל</UnitMeasure>
      <BisWeighted>0</BisWeighted>
      <QtyInPackage>1</QtyInPackage>
      <ItemPrice>15.90</ItemPrice>
      <UnitOfMeasurePrice>3.18</UnitOfMeasurePrice>
      <AllowDiscount>0</AllowDiscount>
      <itemStatus>1</itemStatus>
      <LastUpdateDate />
      <LastUpdateTime />
    </Product>
    <Product>
      <PriceUpdateDate>2018/11/19 12:33</PriceUpdateDate>
      <ItemCode>8718951166288</ItemCode>
      <ItemType>1</ItemType>
      <ItemName>קולגייט מקס וייט 125מ"ל</ItemName>
      <ManufactureName>ש.שסטוביץ בעמ</ManufactureName>
      <ManufactureCountry />
      <ManufactureItemDescription />
      <UnitQty>י"ח</UnitQty>
      <Quantity>125</Quantity>
      <UnitMeasure>ל  מ"ל</UnitMeasure>
      <BisWeighted>0</BisWeighted>
      <QtyInPackage>1</QtyInPackage>
      <ItemPrice>21.90</ItemPrice>
      <UnitOfMeasurePrice>17.52</UnitOfMeasurePrice>
      <AllowDiscount>1</AllowDiscount>
      <itemStatus>1</itemStatus>
      <LastUpdateDate />
      <LastUpdateTime />
    </Product>
    <Product>
      <PriceUpdateDate>2018/11/19 12:33</PriceUpdateDate>
      <ItemCode>8718951166561</ItemCode>
      <ItemType>1</ItemType>
      <ItemName>קולגייט מקס פרש כחול 125מ"ל</ItemName>
      <ManufactureName>ש.שסטוביץ בעמ</ManufactureName>
      <ManufactureCountry />
      <ManufactureItemDescription />
      <UnitQty>י"ח</UnitQty>
      <Quantity>125</Quantity>
      <UnitMeasure>ל  מ"ל</UnitMeasure>
      <BisWeighted>0</BisWeighted>
      <QtyInPackage>1</QtyInPackage>
      <ItemPrice>21.90</ItemPrice>
      <UnitOfMeasurePrice>17.52</UnitOfMeasurePrice>
      <AllowDiscount>1</AllowDiscount>
      <itemStatus>1</itemStatus>
      <LastUpdateDate />
      <LastUpdateTime />
    </Product>
    <Product>
      <PriceUpdateDate>2018/05/23 15:49</PriceUpdateDate>
      <ItemCode>8718951170445</ItemCode>
      <ItemType>1</ItemType>
      <ItemName>קולגייט סמיילס משחת שיניים ילדים גילאי</ItemName>
      <ManufactureName>ש.שסטוביץ בעמ</ManufactureName>
      <ManufactureCountry />
      <ManufactureItemDescription />
      <UnitQty>י"ח</UnitQty>
      <Quantity>50</Quantity>
      <UnitMeasure>ל  מ"ל</UnitMeasure>
      <BisWeighted>0</BisWeighted>
      <QtyInPackage>1</QtyInPackage>
      <ItemPrice>11.90</ItemPrice>
      <UnitOfMeasurePrice>23.80</UnitOfMeasurePrice>
      <AllowDiscount>1</AllowDiscount>
      <itemStatus>1</itemStatus>
      <LastUpdateDate />
      <LastUpdateTime />
    </Product>
    <Product>
      <PriceUpdateDate>2018/11/19 12:33</PriceUpdateDate>
      <ItemCode>8718951189881</ItemCode>
      <ItemType>1</ItemType>
      <ItemName>אגקס ספריי תפוח וחומץ   500מ"ל</ItemName>
      <ManufactureName>ש.שסטוביץ בעמ</ManufactureName>
      <ManufactureCountry />
      <ManufactureItemDescription />
      <UnitQty>י"ח</UnitQty>
      <Quantity>500</Quantity>
      <UnitMeasure>ל  מ"ל</UnitMeasure>
      <BisWeighted>0</BisWeighted>
      <QtyInPackage>1</QtyInPackage>
      <ItemPrice>15.90</ItemPrice>
      <UnitOfMeasurePrice>3.18</UnitOfMeasurePrice>
      <AllowDiscount>0</AllowDiscount>
      <itemStatus>1</itemStatus>
      <LastUpdateDate />
      <LastUpdateTime />
    </Product>
    <Product>
      <PriceUpdateDate>2018/11/19 12:33</PriceUpdateDate>
      <ItemCode>8718951190160</ItemCode>
      <ItemType>1</ItemType>
      <ItemName>אגקס ניקוי כללי לימון וסודה  1ל</ItemName>
      <ManufactureName>ש.שסטוביץ בעמ</ManufactureName>
      <ManufactureCountry />
      <ManufactureItemDescription />
      <UnitQty>י"ח</UnitQty>
      <Quantity>1</Quantity>
      <UnitMeasure>ליטר</UnitMeasure>
      <BisWeighted>0</BisWeighted>
      <QtyInPackage>1</QtyInPackage>
      <ItemPrice>12.90</ItemPrice>
      <UnitOfMeasurePrice>12.90</UnitOfMeasurePrice>
      <AllowDiscount>0</AllowDiscount>
      <itemStatus>1</itemStatus>
      <LastUpdateDate />
      <LastUpdateTime />
    </Product>
    <Product>
      <PriceUpdateDate>2019/01/25 09:11</PriceUpdateDate>
      <ItemCode>8718951236790</ItemCode>
      <ItemType>1</ItemType>
      <ItemName>קולגייט טוטל קלין מינט  100מ"ל</ItemName>
      <ManufactureName>ש.שסטוביץ בעמ</ManufactureName>
      <ManufactureCountry />
      <ManufactureItemDescription />
      <UnitQty>י"ח</UnitQty>
      <Quantity>100</Quantity>
      <UnitMeasure>ל  מ"ל</UnitMeasure>
      <BisWeighted>0</BisWeighted>
      <QtyInPackage>1</QtyInPackage>
      <ItemPrice>16.90</ItemPrice>
      <UnitOfMeasurePrice>16.90</UnitOfMeasurePrice>
      <AllowDiscount>1</AllowDiscount>
      <itemStatus>1</itemStatus>
      <LastUpdateDate />
      <LastUpdateTime />
    </Product>
    <Product>
      <PriceUpdateDate>2019/01/25 09:11</PriceUpdateDate>
      <ItemCode>8718951236806</ItemCode>
      <ItemType>1</ItemType>
      <ItemName>קולגייט טוטל הלבנה  100מ"ל</ItemName>
      <ManufactureName>ש.שסטוביץ בעמ</ManufactureName>
      <ManufactureCountry />
      <ManufactureItemDescription />
      <UnitQty>י"ח</UnitQty>
      <Quantity>100</Quantity>
      <UnitMeasure>ל  מ"ל</UnitMeasure>
      <BisWeighted>0</BisWeighted>
      <QtyInPackage>1</QtyInPackage>
      <ItemPrice>16.90</ItemPrice>
      <UnitOfMeasurePrice>16.90</UnitOfMeasurePrice>
      <AllowDiscount>1</AllowDiscount>
      <itemStatus>1</itemStatus>
      <LastUpdateDate />
      <LastUpdateTime />
    </Product>
    <Product>
      <PriceUpdateDate>2019/01/25 09:11</PriceUpdateDate>
      <ItemCode>8718951236813</ItemCode>
      <ItemType>1</ItemType>
      <ItemName>קולגייט טוטל מתקדם  100מ"ל</ItemName>
      <ManufactureName>ש.שסטוביץ בעמ</ManufactureName>
      <ManufactureCountry />
      <ManufactureItemDescription />
      <UnitQty>י"ח</UnitQty>
      <Quantity>100</Quantity>
      <UnitMeasure>ל  מ"ל</UnitMeasure>
      <BisWeighted>0</BisWeighted>
      <QtyInPackage>1</QtyInPackage>
      <ItemPrice>16.90</ItemPrice>
      <UnitOfMeasurePrice>16.90</UnitOfMeasurePrice>
      <AllowDiscount>1</AllowDiscount>
      <itemStatus>1</itemStatus>
      <LastUpdateDate />
      <LastUpdateTime />
    </Product>
    <Product>
      <PriceUpdateDate>2019/07/30 11:45</PriceUpdateDate>
      <ItemCode>8718951254527</ItemCode>
      <ItemType>1</ItemType>
      <ItemName>קולגייט  סנסטיב פרו ריליך 75מ"ל</ItemName>
      <ManufactureName>ש.שסטוביץ בעמ</ManufactureName>
      <ManufactureCountry />
      <ManufactureItemDescription />
      <UnitQty>י"ח</UnitQty>
      <Quantity>125</Quantity>
      <UnitMeasure>ל  מ"ל</UnitMeasure>
      <BisWeighted>0</BisWeighted>
      <QtyInPackage>1</QtyInPackage>
      <ItemPrice>25.80</ItemPrice>
      <UnitOfMeasurePrice>20.64</UnitOfMeasurePrice>
      <AllowDiscount>0</AllowDiscount>
      <itemStatus>1</itemStatus>
      <LastUpdateDate />
      <LastUpdateTime />
    </Product>
    <Product>
      <PriceUpdateDate>2019/12/25 06:58</PriceUpdateDate>
      <ItemCode>8718951289833</ItemCode>
      <ItemType>1</ItemType>
      <ItemName>סבון מוצק לומינוס פלמוליב 4 יח</ItemName>
      <ManufactureName>ש.שסטוביץ בעמ</ManufactureName>
      <ManufactureCountry />
      <ManufactureItemDescription />
      <UnitQty>י"ח</UnitQty>
      <Quantity>360</Quantity>
      <UnitMeasure>ל  גרם</UnitMeasure>
      <BisWeighted>0</BisWeighted>
      <QtyInPackage>1</QtyInPackage>
      <ItemPrice>15.90</ItemPrice>
      <UnitOfMeasurePrice>4.42</UnitOfMeasurePrice>
      <AllowDiscount>0</AllowDiscount>
      <itemStatus>1</itemStatus>
      <LastUpdateDate />
      <LastUpdateTime />
    </Product>
    <Product>
      <PriceUpdateDate>2019/12/05 12:26</PriceUpdateDate>
      <ItemCode>8719200998025</ItemCode>
      <ItemType>1</ItemType>
      <ItemName>מרגרינה מזולה לייט 250 גרם</ItemName>
      <ManufactureName>יוניליוור ישראל שיווק בעמ</ManufactureName>
      <ManufactureCountry />
      <ManufactureItemDescription />
      <UnitQty>י"ח</UnitQty>
      <Quantity>250</Quantity>
      <UnitMeasure>ל  גרם</UnitMeasure>
      <BisWeighted>0</BisWeighted>
      <QtyInPackage>1</QtyInPackage>
      <ItemPrice>10.90</ItemPrice>
      <UnitOfMeasurePrice>4.36</UnitOfMeasurePrice>
      <AllowDiscount>0</AllowDiscount>
      <itemStatus>1</itemStatus>
      <LastUpdateDate />
      <LastUpdateTime />
    </Product>
    <Product>
      <PriceUpdateDate>2019/12/05 12:26</PriceUpdateDate>
      <ItemCode>8719200998056</ItemCode>
      <ItemType>1</ItemType>
      <ItemName>מרגרינה מזולה שמן זית 250 גרם</ItemName>
      <ManufactureName>יוניליוור ישראל שיווק בעמ</ManufactureName>
      <ManufactureCountry />
      <ManufactureItemDescription />
      <UnitQty>י"ח</UnitQty>
      <Quantity>250</Quantity>
      <UnitMeasure>ל  גרם</UnitMeasure>
      <BisWeighted>0</BisWeighted>
      <QtyInPackage>1</QtyInPackage>
      <ItemPrice>10.90</ItemPrice>
      <UnitOfMeasurePrice>4.36</UnitOfMeasurePrice>
      <AllowDiscount>0</AllowDiscount>
      <itemStatus>1</itemStatus>
      <LastUpdateDate />
      <LastUpdateTime />
    </Product>
    <Product>
      <PriceUpdateDate>2019/12/05 12:26</PriceUpdateDate>
      <ItemCode>8719200998094</ItemCode>
      <ItemType>1</ItemType>
      <ItemName>מזולה אפייה ללא מלח 200 גרם</ItemName>
      <ManufactureName>יוניליוור ישראל שיווק בעמ</ManufactureName>
      <ManufactureCountry />
      <ManufactureItemDescription />
      <UnitQty>י"ח</UnitQty>
      <Quantity>200</Quantity>
      <UnitMeasure>ל  גרם</UnitMeasure>
      <BisWeighted>0</BisWeighted>
      <QtyInPackage>1</QtyInPackage>
      <ItemPrice>6.90</ItemPrice>
      <UnitOfMeasurePrice>3.45</UnitOfMeasurePrice>
      <AllowDiscount>0</AllowDiscount>
      <itemStatus>1</itemStatus>
      <LastUpdateDate />
      <LastUpdateTime />
    </Product>
    <Product>
      <PriceUpdateDate>2019/08/25 09:24</PriceUpdateDate>
      <ItemCode>8801055706952</ItemCode>
      <ItemType>1</ItemType>
      <ItemName>נס קפה קפוצ`ינו קרמל 17גר*10</ItemName>
      <ManufactureName>קבוצת אוסם סחר-שות.מוגבלת</ManufactureName>
      <ManufactureCountry />
      <ManufactureItemDescription />
      <UnitQty>י"ח</UnitQty>
      <Quantity>170</Quantity>
      <UnitMeasure>ל  גרם</UnitMeasure>
      <BisWeighted>0</BisWeighted>
      <QtyInPackage>1</QtyInPackage>
      <ItemPrice>18.90</ItemPrice>
      <UnitOfMeasurePrice>11.12</UnitOfMeasurePrice>
      <AllowDiscount>0</AllowDiscount>
      <itemStatus>1</itemStatus>
      <LastUpdateDate />
      <LastUpdateTime />
    </Product>
    <Product>
      <PriceUpdateDate>2019/08/25 09:24</PriceUpdateDate>
      <ItemCode>8801055706976</ItemCode>
      <ItemType>1</ItemType>
      <ItemName>נס קפה קפוצ`ינו וניל18.5גר*10</ItemName>
      <ManufactureName>קבוצת אוסם סחר-שות.מוגבלת</ManufactureName>
      <ManufactureCountry />
      <ManufactureItemDescription />
      <UnitQty>י"ח</UnitQty>
      <Quantity>185</Quantity>
      <UnitMeasure>ל  גרם</UnitMeasure>
      <BisWeighted>0</BisWeighted>
      <QtyInPackage>1</QtyInPackage>
      <ItemPrice>18.90</ItemPrice>
      <UnitOfMeasurePrice>10.22</UnitOfMeasurePrice>
      <AllowDiscount>0</AllowDiscount>
      <itemStatus>1</itemStatus>
      <LastUpdateDate />
      <LastUpdateTime />
    </Product>
    <Product>
      <PriceUpdateDate>2019/08/25 09:24</PriceUpdateDate>
      <ItemCode>8801055707010</ItemCode>
      <ItemType>1</ItemType>
      <ItemName>נס קפה קפוצ`ינו קלאסיק12.5גר*10</ItemName>
      <ManufactureName>קבוצת אוסם סחר-שות.מוגבלת</ManufactureName>
      <ManufactureCountry />
      <ManufactureItemDescription />
      <UnitQty>י"ח</UnitQty>
      <Quantity>125</Quantity>
      <UnitMeasure>ל  גרם</UnitMeasure>
      <BisWeighted>0</BisWeighted>
      <QtyInPackage>1</QtyInPackage>
      <ItemPrice>18.90</ItemPrice>
      <UnitOfMeasurePrice>15.12</UnitOfMeasurePrice>
      <AllowDiscount>0</AllowDiscount>
      <itemStatus>1</itemStatus>
      <LastUpdateDate />
      <LastUpdateTime />
    </Product>
    <Product>
      <PriceUpdateDate>2019/08/25 09:24</PriceUpdateDate>
      <ItemCode>8801055707188</ItemCode>
      <ItemType>1</ItemType>
      <ItemName>נס קפה קפוצ`ינו אגוזים 12.5גר*10</ItemName>
      <ManufactureName>קבוצת אוסם סחר-שות.מוגבלת</ManufactureName>
      <ManufactureCountry />
      <ManufactureItemDescription />
      <UnitQty>י"ח</UnitQty>
      <Quantity>125</Quantity>
      <UnitMeasure>ל  גרם</UnitMeasure>
      <BisWeighted>0</BisWeighted>
      <QtyInPackage>1</QtyInPackage>
      <ItemPrice>18.90</ItemPrice>
      <UnitOfMeasurePrice>15.12</UnitOfMeasurePrice>
      <AllowDiscount>0</AllowDiscount>
      <itemStatus>1</itemStatus>
      <LastUpdateDate />
      <LastUpdateTime />
    </Product>
    <Product>
      <PriceUpdateDate>2019/04/04 11:17</PriceUpdateDate>
      <ItemCode>8850180040028</ItemCode>
      <ItemType>1</ItemType>
      <ItemName>טמפורה 500גר</ItemName>
      <ManufactureName>מזרח ומערב יבוא ושיווק</ManufactureName>
      <ManufactureCountry />
      <ManufactureItemDescription />
      <UnitQty>י"ח</UnitQty>
      <Quantity>500</Quantity>
      <UnitMeasure>ל  מ"ל</UnitMeasure>
      <BisWeighted>0</BisWeighted>
      <QtyInPackage>1</QtyInPackage>
      <ItemPrice>8.90</ItemPrice>
      <UnitOfMeasurePrice>1.78</UnitOfMeasurePrice>
      <AllowDiscount>0</AllowDiscount>
      <itemStatus>1</itemStatus>
      <LastUpdateDate />
      <LastUpdateTime />
    </Product>
    <Product>
      <PriceUpdateDate>2019/03/25 17:55</PriceUpdateDate>
      <ItemCode>8850206250592</ItemCode>
      <ItemType>1</ItemType>
      <ItemName>רוטב צילי סיראצה 530ג</ItemName>
      <ManufactureName>מזרח ומערב יבוא ושיווק</ManufactureName>
      <ManufactureCountry />
      <ManufactureItemDescription />
      <UnitQty>י"ח</UnitQty>
      <Quantity>530</Quantity>
      <UnitMeasure>ל  גרם</UnitMeasure>
      <BisWeighted>0</BisWeighted>
      <QtyInPackage>1</QtyInPackage>
      <ItemPrice>14.90</ItemPrice>
      <UnitOfMeasurePrice>2.81</UnitOfMeasurePrice>
      <AllowDiscount>1</AllowDiscount>
      <itemStatus>1</itemStatus>
      <LastUpdateDate />
      <LastUpdateTime />
    </Product>
    <Product>
      <PriceUpdateDate>2019/06/11 09:31</PriceUpdateDate>
      <ItemCode>8850227033952</ItemCode>
      <ItemType>1</ItemType>
      <ItemName>קרם קוקוס בקרטון 250מ"ל</ItemName>
      <ManufactureName>רזיט שיווק בעמ</ManufactureName>
      <ManufactureCountry />
      <ManufactureItemDescription />
      <UnitQty>י"ח</UnitQty>
      <Quantity>250</Quantity>
      <UnitMeasure>ל  מ"ל</UnitMeasure>
      <BisWeighted>0</BisWeighted>
      <QtyInPackage>1</QtyInPackage>
      <ItemPrice>6.90</ItemPrice>
      <UnitOfMeasurePrice>2.76</UnitOfMeasurePrice>
      <AllowDiscount>0</AllowDiscount>
      <itemStatus>1</itemStatus>
      <LastUpdateDate />
      <LastUpdateTime />
    </Product>
    <Product>
      <PriceUpdateDate>2019/09/25 08:20</PriceUpdateDate>
      <ItemCode>8850389103111</ItemCode>
      <ItemType>1</ItemType>
      <ItemName>משקה אלוורה ענבים 300</ItemName>
      <ManufactureName>טמפו משקאות בעמ</ManufactureName>
      <ManufactureCountry />
      <ManufactureItemDescription />
      <UnitQty>י"ח</UnitQty>
      <Quantity>300</Quantity>
      <UnitMeasure>ל  מ"ל</UnitMeasure>
      <BisWeighted>0</BisWeighted>
      <QtyInPackage>1</QtyInPackage>
      <ItemPrice>6.90</ItemPrice>
      <UnitOfMeasurePrice>2.20</UnitOfMeasurePrice>
      <AllowDiscount>1</AllowDiscount>
      <itemStatus>1</itemStatus>
      <LastUpdateDate />
      <LastUpdateTime />
    </Product>
    <Product>
      <PriceUpdateDate>2019/09/25 08:20</PriceUpdateDate>
      <ItemCode>8850389104637</ItemCode>
      <ItemType>1</ItemType>
      <ItemName>משקה אלוורה אפרסק 300</ItemName>
      <ManufactureName>טמפו משקאות בעמ</ManufactureName>
      <ManufactureCountry />
      <ManufactureItemDescription />
      <UnitQty>י"ח</UnitQty>
      <Quantity>300</Quantity>
      <UnitMeasure>ל  מ"ל</UnitMeasure>
      <BisWeighted>0</BisWeighted>
      <QtyInPackage>1</QtyInPackage>
      <ItemPrice>6.90</ItemPrice>
      <UnitOfMeasurePrice>2.20</UnitOfMeasurePrice>
      <AllowDiscount>1</AllowDiscount>
      <itemStatus>1</itemStatus>
      <LastUpdateDate />
      <LastUpdateTime />
    </Product>
    <Product>
      <PriceUpdateDate>2014/01/05 10:43</PriceUpdateDate>
      <ItemCode>8850389105825</ItemCode>
      <ItemType>1</ItemType>
      <ItemName>סאפה ענבים 1 ליטר</ItemName>
      <ManufactureName>טמפו משקאות בעמ</ManufactureName>
      <ManufactureCountry />
      <ManufactureItemDescription />
      <UnitQty>י"ח</UnitQty>
      <Quantity>1</Quantity>
      <UnitMeasure>ליטר</UnitMeasure>
      <BisWeighted>0</BisWeighted>
      <QtyInPackage>1</QtyInPackage>
      <ItemPrice>12.30</ItemPrice>
      <UnitOfMeasurePrice>12.30</UnitOfMeasurePrice>
      <AllowDiscount>0</AllowDiscount>
      <itemStatus>1</itemStatus>
      <LastUpdateDate />
      <LastUpdateTime />
    </Product>
    <Product>
      <PriceUpdateDate>2014/01/05 10:44</PriceUpdateDate>
      <ItemCode>8850389105832</ItemCode>
      <ItemType>1</ItemType>
      <ItemName>סאפה תפוחים 1 ליטר</ItemName>
      <ManufactureName>טמפו משקאות בעמ</ManufactureName>
      <ManufactureCountry />
      <ManufactureItemDescription />
      <UnitQty>י"ח</UnitQty>
      <Quantity>1</Quantity>
      <UnitMeasure>ליטר</UnitMeasure>
      <BisWeighted>0</BisWeighted>
      <QtyInPackage>1</QtyInPackage>
      <ItemPrice>12.30</ItemPrice>
      <UnitOfMeasurePrice>12.30</UnitOfMeasurePrice>
      <AllowDiscount>0</AllowDiscount>
      <itemStatus>1</itemStatus>
      <LastUpdateDate />
      <LastUpdateTime />
    </Product>
    <Product>
      <PriceUpdateDate>2014/01/05 10:44</PriceUpdateDate>
      <ItemCode>8850389105849</ItemCode>
      <ItemType>1</ItemType>
      <ItemName>סאפה אפרסק 1 ליטר</ItemName>
      <ManufactureName>טמפו משקאות בעמ</ManufactureName>
      <ManufactureCountry />
      <ManufactureItemDescription />
      <UnitQty>י"ח</UnitQty>
      <Quantity>1</Quantity>
      <UnitMeasure>ליטר</UnitMeasure>
      <BisWeighted>0</BisWeighted>
      <QtyInPackage>1</QtyInPackage>
      <ItemPrice>12.30</ItemPrice>
      <UnitOfMeasurePrice>12.30</UnitOfMeasurePrice>
      <AllowDiscount>0</AllowDiscount>
      <itemStatus>1</itemStatus>
      <LastUpdateDate />
      <LastUpdateTime />
    </Product>
    <Product>
      <PriceUpdateDate>2015/06/08 10:48</PriceUpdateDate>
      <ItemCode>8850632604259</ItemCode>
      <ItemType>1</ItemType>
      <ItemName>חיספוסים מקלות תות שדה</ItemName>
      <ManufactureName>ליימן שליסל</ManufactureName>
      <ManufactureCountry />
      <ManufactureItemDescription />
      <UnitQty>י"ח</UnitQty>
      <Quantity>50</Quantity>
      <UnitMeasure>ל  גרם</UnitMeasure>
      <BisWeighted>0</BisWeighted>
      <QtyInPackage>1</QtyInPackage>
      <ItemPrice>3.50</ItemPrice>
      <UnitOfMeasurePrice>7</UnitOfMeasurePrice>
      <AllowDiscount>1</AllowDiscount>
      <itemStatus>1</itemStatus>
      <LastUpdateDate />
      <LastUpdateTime />
    </Product>
    <Product>
      <PriceUpdateDate>2015/06/08 10:48</PriceUpdateDate>
      <ItemCode>8850632604266</ItemCode>
      <ItemType>1</ItemType>
      <ItemName>חיספוסים מקלות קולה</ItemName>
      <ManufactureName>ליימן שליסל</ManufactureName>
      <ManufactureCountry />
      <ManufactureItemDescription />
      <UnitQty>י"ח</UnitQty>
      <Quantity>50</Quantity>
      <UnitMeasure>ל  גרם</UnitMeasure>
      <BisWeighted>0</BisWeighted>
      <QtyInPackage>1</QtyInPackage>
      <ItemPrice>3.50</ItemPrice>
      <UnitOfMeasurePrice>7</UnitOfMeasurePrice>
      <AllowDiscount>1</AllowDiscount>
      <itemStatus>1</itemStatus>
      <LastUpdateDate />
      <LastUpdateTime />
    </Product>
    <Product>
      <PriceUpdateDate>2015/06/08 10:48</PriceUpdateDate>
      <ItemCode>8850632604372</ItemCode>
      <ItemType>1</ItemType>
      <ItemName>חיספוסים שטיח תות שדה</ItemName>
      <ManufactureName>ליימן שליסל</ManufactureName>
      <ManufactureCountry />
      <ManufactureItemDescription />
      <UnitQty>י"ח</UnitQty>
      <Quantity>50</Quantity>
      <UnitMeasure>ל  גרם</UnitMeasure>
      <BisWeighted>0</BisWeighted>
      <QtyInPackage>1</QtyInPackage>
      <ItemPrice>3.50</ItemPrice>
      <UnitOfMeasurePrice>7</UnitOfMeasurePrice>
      <AllowDiscount>1</AllowDiscount>
      <itemStatus>1</itemStatus>
      <LastUpdateDate />
      <LastUpdateTime />
    </Product>
    <Product>
      <PriceUpdateDate>2015/06/08 10:48</PriceUpdateDate>
      <ItemCode>8850632604402</ItemCode>
      <ItemType>1</ItemType>
      <ItemName>חיספוסים שטיח מעורב</ItemName>
      <ManufactureName>ליימן שליסל</ManufactureName>
      <ManufactureCountry />
      <ManufactureItemDescription />
      <UnitQty>י"ח</UnitQty>
      <Quantity>50</Quantity>
      <UnitMeasure>ל  גרם</UnitMeasure>
      <BisWeighted>0</BisWeighted>
      <QtyInPackage>1</QtyInPackage>
      <ItemPrice>3.50</ItemPrice>
      <UnitOfMeasurePrice>7</UnitOfMeasurePrice>
      <AllowDiscount>1</AllowDiscount>
      <itemStatus>1</itemStatus>
      <LastUpdateDate />
      <LastUpdateTime />
    </Product>
    <Product>
      <PriceUpdateDate>2015/06/08 10:48</PriceUpdateDate>
      <ItemCode>8850632605201</ItemCode>
      <ItemType>1</ItemType>
      <ItemName>חיספוסים שטיח מעורב תפוח</ItemName>
      <ManufactureName>ליימן שליסל</ManufactureName>
      <ManufactureCountry />
      <ManufactureItemDescription />
      <UnitQty>י"ח</UnitQty>
      <Quantity>50</Quantity>
      <UnitMeasure>ל  גרם</UnitMeasure>
      <BisWeighted>0</BisWeighted>
      <QtyInPackage>1</QtyInPackage>
      <ItemPrice>3.50</ItemPrice>
      <UnitOfMeasurePrice>7</UnitOfMeasurePrice>
      <AllowDiscount>1</AllowDiscount>
      <itemStatus>1</itemStatus>
      <LastUpdateDate />
      <LastUpdateTime />
    </Product>
    <Product>
      <PriceUpdateDate>2015/06/08 10:48</PriceUpdateDate>
      <ItemCode>8850632606390</ItemCode>
      <ItemType>1</ItemType>
      <ItemName>חיספוסים מקלות אבטיח</ItemName>
      <ManufactureName>ליימן שליסל</ManufactureName>
      <ManufactureCountry />
      <ManufactureItemDescription />
      <UnitQty>י"ח</UnitQty>
      <Quantity>50</Quantity>
      <UnitMeasure>ל  גרם</UnitMeasure>
      <BisWeighted>0</BisWeighted>
      <QtyInPackage>1</QtyInPackage>
      <ItemPrice>3.50</ItemPrice>
      <UnitOfMeasurePrice>7</UnitOfMeasurePrice>
      <AllowDiscount>0</AllowDiscount>
      <itemStatus>1</itemStatus>
      <LastUpdateDate />
      <LastUpdateTime />
    </Product>
    <Product>
      <PriceUpdateDate>2019/01/08 09:55</PriceUpdateDate>
      <ItemCode>8850854000112</ItemCode>
      <ItemType>1</ItemType>
      <ItemName>רוטב צ`ילי חריף 700מ"ל המותג</ItemName>
      <ManufactureName>דין שיווק *****</ManufactureName>
      <ManufactureCountry />
      <ManufactureItemDescription />
      <UnitQty>י"ח</UnitQty>
      <Quantity>700</Quantity>
      <UnitMeasure>ל  מ"ל</UnitMeasure>
      <BisWeighted>0</BisWeighted>
      <QtyInPackage>1</QtyInPackage>
      <ItemPrice>11.90</ItemPrice>
      <UnitOfMeasurePrice>1.70</UnitOfMeasurePrice>
      <AllowDiscount>1</AllowDiscount>
      <itemStatus>1</itemStatus>
      <LastUpdateDate />
      <LastUpdateTime />
    </Product>
    <Product>
      <PriceUpdateDate>2019/01/08 09:55</PriceUpdateDate>
      <ItemCode>8850854000426</ItemCode>
      <ItemType>1</ItemType>
      <ItemName>רוטב צ`ילי מתוק 700מ"ל המותג</ItemName>
      <ManufactureName>דין שיווק *****</ManufactureName>
      <ManufactureCountry />
      <ManufactureItemDescription />
      <UnitQty>י"ח</UnitQty>
      <Quantity>700</Quantity>
      <UnitMeasure>ל  מ"ל</UnitMeasure>
      <BisWeighted>0</BisWeighted>
      <QtyInPackage>1</QtyInPackage>
      <ItemPrice>11.90</ItemPrice>
      <UnitOfMeasurePrice>1.70</UnitOfMeasurePrice>
      <AllowDiscount>1</AllowDiscount>
      <itemStatus>1</itemStatus>
      <LastUpdateDate />
      <LastUpdateTime />
    </Product>
    <Product>
      <PriceUpdateDate>2019/09/18 08:47</PriceUpdateDate>
      <ItemCode>8857101301008</ItemCode>
      <ItemType>1</ItemType>
      <ItemName>רוטב צ ילי מתוק 700 מ"ל</ItemName>
      <ManufactureName>ג.וילי פוד אינטרנשיונל בעמ</ManufactureName>
      <ManufactureCountry />
      <ManufactureItemDescription />
      <UnitQty>י"ח</UnitQty>
      <Quantity>700</Quantity>
      <UnitMeasure>ל  מ"ל</UnitMeasure>
      <BisWeighted>0</BisWeighted>
      <QtyInPackage>1</QtyInPackage>
      <ItemPrice>8.90</ItemPrice>
      <UnitOfMeasurePrice>1.27</UnitOfMeasurePrice>
      <AllowDiscount>0</AllowDiscount>
      <itemStatus>1</itemStatus>
      <LastUpdateDate />
      <LastUpdateTime />
    </Product>
    <Product>
      <PriceUpdateDate>2019/04/04 11:17</PriceUpdateDate>
      <ItemCode>8858271002870</ItemCode>
      <ItemType>1</ItemType>
      <ItemName>רוטב פאד תאי 250מ"ל</ItemName>
      <ManufactureName>מזרח ומערב יבוא ושיווק</ManufactureName>
      <ManufactureCountry />
      <ManufactureItemDescription />
      <UnitQty>י"ח</UnitQty>
      <Quantity>250</Quantity>
      <UnitMeasure>ל  מ"ל</UnitMeasure>
      <BisWeighted>0</BisWeighted>
      <QtyInPackage>1</QtyInPackage>
      <ItemPrice>11.90</ItemPrice>
      <UnitOfMeasurePrice>4.76</UnitOfMeasurePrice>
      <AllowDiscount>1</AllowDiscount>
      <itemStatus>1</itemStatus>
      <LastUpdateDate />
      <LastUpdateTime />
    </Product>
    <Product>
      <PriceUpdateDate>2019/04/04 11:17</PriceUpdateDate>
      <ItemCode>8858271003020</ItemCode>
      <ItemType>1</ItemType>
      <ItemName>רוטב סויה פורמולה 1 700מ"ל</ItemName>
      <ManufactureName>מזרח ומערב יבוא ושיווק</ManufactureName>
      <ManufactureCountry />
      <ManufactureItemDescription />
      <UnitQty>י"ח</UnitQty>
      <Quantity>700</Quantity>
      <UnitMeasure>ל  מ"ל</UnitMeasure>
      <BisWeighted>0</BisWeighted>
      <QtyInPackage>1</QtyInPackage>
      <ItemPrice>14.90</ItemPrice>
      <UnitOfMeasurePrice>2.13</UnitOfMeasurePrice>
      <AllowDiscount>1</AllowDiscount>
      <itemStatus>1</itemStatus>
      <LastUpdateDate />
      <LastUpdateTime />
    </Product>
    <Product>
      <PriceUpdateDate>2019/04/04 11:17</PriceUpdateDate>
      <ItemCode>8858271003938</ItemCode>
      <ItemType>1</ItemType>
      <ItemName>רוטב קארי ירוק 250מ"ל</ItemName>
      <ManufactureName>מזרח ומערב יבוא ושיווק</ManufactureName>
      <ManufactureCountry />
      <ManufactureItemDescription />
      <UnitQty>י"ח</UnitQty>
      <Quantity>250</Quantity>
      <UnitMeasure>ל  מ"ל</UnitMeasure>
      <BisWeighted>0</BisWeighted>
      <QtyInPackage>1</QtyInPackage>
      <ItemPrice>11.90</ItemPrice>
      <UnitOfMeasurePrice>4.76</UnitOfMeasurePrice>
      <AllowDiscount>1</AllowDiscount>
      <itemStatus>1</itemStatus>
      <LastUpdateDate />
      <LastUpdateTime />
    </Product>
    <Product>
      <PriceUpdateDate>2019/04/04 11:17</PriceUpdateDate>
      <ItemCode>8858271004300</ItemCode>
      <ItemType>1</ItemType>
      <ItemName>רוטב טריאקי 700מ"ל</ItemName>
      <ManufactureName>מזרח ומערב יבוא ושיווק</ManufactureName>
      <ManufactureCountry />
      <ManufactureItemDescription />
      <UnitQty>י"ח</UnitQty>
      <Quantity>700</Quantity>
      <UnitMeasure>ל  מ"ל</UnitMeasure>
      <BisWeighted>0</BisWeighted>
      <QtyInPackage>1</QtyInPackage>
      <ItemPrice>20.90</ItemPrice>
      <UnitOfMeasurePrice>2.99</UnitOfMeasurePrice>
      <AllowDiscount>1</AllowDiscount>
      <itemStatus>1</itemStatus>
      <LastUpdateDate />
      <LastUpdateTime />
    </Product>
    <Product>
      <PriceUpdateDate>2019/04/04 11:17</PriceUpdateDate>
      <ItemCode>8858271004423</ItemCode>
      <ItemType>1</ItemType>
      <ItemName>רוטב טום יאם אפ 250מ"ל</ItemName>
      <ManufactureName>מזרח ומערב יבוא ושיווק</ManufactureName>
      <ManufactureCountry />
      <ManufactureItemDescription />
      <UnitQty>י"ח</UnitQty>
      <Quantity>250</Quantity>
      <UnitMeasure>ל  מ"ל</UnitMeasure>
      <BisWeighted>0</BisWeighted>
      <QtyInPackage>1</QtyInPackage>
      <ItemPrice>11.90</ItemPrice>
      <UnitOfMeasurePrice>4.76</UnitOfMeasurePrice>
      <AllowDiscount>1</AllowDiscount>
      <itemStatus>1</itemStatus>
      <LastUpdateDate />
      <LastUpdateTime />
    </Product>
    <Product>
      <PriceUpdateDate>2019/04/04 11:17</PriceUpdateDate>
      <ItemCode>8858271004799</ItemCode>
      <ItemType>1</ItemType>
      <ItemName>רוטב צ`ילי מתוק  700מ"ל ALL PURPSES</ItemName>
      <ManufactureName>מזרח ומערב יבוא ושיווק</ManufactureName>
      <ManufactureCountry />
      <ManufactureItemDescription />
      <UnitQty>י"ח</UnitQty>
      <Quantity>700</Quantity>
      <UnitMeasure>ל  מ"ל</UnitMeasure>
      <BisWeighted>0</BisWeighted>
      <QtyInPackage>1</QtyInPackage>
      <ItemPrice>9.90</ItemPrice>
      <UnitOfMeasurePrice>1.41</UnitOfMeasurePrice>
      <AllowDiscount>1</AllowDiscount>
      <itemStatus>1</itemStatus>
      <LastUpdateDate />
      <LastUpdateTime />
    </Product>
    <Product>
      <PriceUpdateDate>2019/03/25 17:55</PriceUpdateDate>
      <ItemCode>8858671550056</ItemCode>
      <ItemType>1</ItemType>
      <ItemName>טמפורה מתובלת צילי חריף פפריקה 500ג</ItemName>
      <ManufactureName>מזרח ומערב יבוא ושיווק</ManufactureName>
      <ManufactureCountry />
      <ManufactureItemDescription />
      <UnitQty>י"ח</UnitQty>
      <Quantity>500</Quantity>
      <UnitMeasure>ל  גרם</UnitMeasure>
      <BisWeighted>0</BisWeighted>
      <QtyInPackage>1</QtyInPackage>
      <ItemPrice>8.90</ItemPrice>
      <UnitOfMeasurePrice>1.78</UnitOfMeasurePrice>
      <AllowDiscount>0</AllowDiscount>
      <itemStatus>1</itemStatus>
      <LastUpdateDate />
      <LastUpdateTime />
    </Product>
    <Product>
      <PriceUpdateDate>2019/06/11 09:31</PriceUpdateDate>
      <ItemCode>8888021200720</ItemCode>
      <ItemType>1</ItemType>
      <ItemName>סוללות אנרגייזר שמינייה AAA</ItemName>
      <ManufactureName>דנשר (1963) בעמ</ManufactureName>
      <ManufactureCountry />
      <ManufactureItemDescription />
      <UnitQty>י"ח</UnitQty>
      <Quantity>1</Quantity>
      <UnitMeasure />
      <BisWeighted>0</BisWeighted>
      <QtyInPackage>1</QtyInPackage>
      <ItemPrice>27.90</ItemPrice>
      <UnitOfMeasurePrice>27.90</UnitOfMeasurePrice>
      <AllowDiscount>1</AllowDiscount>
      <itemStatus>1</itemStatus>
      <LastUpdateDate />
      <LastUpdateTime />
    </Product>
    <Product>
      <PriceUpdateDate>2020/02/10 00:21</PriceUpdateDate>
      <ItemCode>8901537024014</ItemCode>
      <ItemType>1</ItemType>
      <ItemName>אורז בסמטי 1ק"ג DAAWAT</ItemName>
      <ManufactureName>ג.וילי פוד אינטרנשיונל בעמ</ManufactureName>
      <ManufactureCountry />
      <ManufactureItemDescription />
      <UnitQty>י"ח</UnitQty>
      <Quantity>1</Quantity>
      <UnitMeasure>ק"ג</UnitMeasure>
      <BisWeighted>0</BisWeighted>
      <QtyInPackage>1</QtyInPackage>
      <ItemPrice>13.90</ItemPrice>
      <UnitOfMeasurePrice>13.90</UnitOfMeasurePrice>
      <AllowDiscount>0</AllowDiscount>
      <itemStatus>1</itemStatus>
      <LastUpdateDate />
      <LastUpdateTime />
    </Product>
    <Product>
      <PriceUpdateDate>2018/04/13 09:38</PriceUpdateDate>
      <ItemCode>8901537076679</ItemCode>
      <ItemType>1</ItemType>
      <ItemName>אורז בסמטי חום מלא 1ק"ג DAAWAT.</ItemName>
      <ManufactureName>ג.וילי פוד אינטרנשיונל בעמ</ManufactureName>
      <ManufactureCountry />
      <ManufactureItemDescription />
      <UnitQty>י"ח</UnitQty>
      <Quantity>1</Quantity>
      <UnitMeasure>ק"ג</UnitMeasure>
      <BisWeighted>0</BisWeighted>
      <QtyInPackage>1</QtyInPackage>
      <ItemPrice>15.90</ItemPrice>
      <UnitOfMeasurePrice>15.90</UnitOfMeasurePrice>
      <AllowDiscount>0</AllowDiscount>
      <itemStatus>1</itemStatus>
      <LastUpdateDate />
      <LastUpdateTime />
    </Product>
    <Product>
      <PriceUpdateDate>2019/04/04 11:17</PriceUpdateDate>
      <ItemCode>8934878081811</ItemCode>
      <ItemType>1</ItemType>
      <ItemName>דפי אורז 22ס"מ 400גר</ItemName>
      <ManufactureName>מזרח ומערב יבוא ושיווק</ManufactureName>
      <ManufactureCountry />
      <ManufactureItemDescription />
      <UnitQty>י"ח</UnitQty>
      <Quantity>400</Quantity>
      <UnitMeasure>ל  גרם</UnitMeasure>
      <BisWeighted>0</BisWeighted>
      <QtyInPackage>1</QtyInPackage>
      <ItemPrice>15.90</ItemPrice>
      <UnitOfMeasurePrice>3.98</UnitOfMeasurePrice>
      <AllowDiscount>1</AllowDiscount>
      <itemStatus>1</itemStatus>
      <LastUpdateDate />
      <LastUpdateTime />
    </Product>
    <Product>
      <PriceUpdateDate>2017/07/13 17:08</PriceUpdateDate>
      <ItemCode>9001616202100</ItemCode>
      <ItemType>1</ItemType>
      <ItemName>זוג מוצציםבנים  אולטי סיליקון אהבה 6+</ItemName>
      <ManufactureName>אלפא קוסמטיקה</ManufactureName>
      <ManufactureCountry />
      <ManufactureItemDescription />
      <UnitQty>י"ח</UnitQty>
      <Quantity>1</Quantity>
      <UnitMeasure />
      <BisWeighted>0</BisWeighted>
      <QtyInPackage>1</QtyInPackage>
      <ItemPrice>34.90</ItemPrice>
      <UnitOfMeasurePrice>34.90</UnitOfMeasurePrice>
      <AllowDiscount>0</AllowDiscount>
      <itemStatus>1</itemStatus>
      <LastUpdateDate />
      <LastUpdateTime />
    </Product>
    <Product>
      <PriceUpdateDate>2017/07/13 17:08</PriceUpdateDate>
      <ItemCode>9001616202155</ItemCode>
      <ItemType>1</ItemType>
      <ItemName>זוג מוצצים בנים מקסי אולטי 16+</ItemName>
      <ManufactureName>אלפא קוסמטיקה</ManufactureName>
      <ManufactureCountry />
      <ManufactureItemDescription />
      <UnitQty>י"ח</UnitQty>
      <Quantity>1</Quantity>
      <UnitMeasure />
      <BisWeighted>0</BisWeighted>
      <QtyInPackage>1</QtyInPackage>
      <ItemPrice>34.90</ItemPrice>
      <UnitOfMeasurePrice>34.90</UnitOfMeasurePrice>
      <AllowDiscount>0</AllowDiscount>
      <itemStatus>1</itemStatus>
      <LastUpdateDate />
      <LastUpdateTime />
    </Product>
    <Product>
      <PriceUpdateDate>2013/11/10 14:55</PriceUpdateDate>
      <ItemCode>9001616203367</ItemCode>
      <ItemType>1</ItemType>
      <ItemName>פטמה שלב 2</ItemName>
      <ManufactureName>אלפא קוסמטיקה</ManufactureName>
      <ManufactureCountry />
      <ManufactureItemDescription />
      <UnitQty>י"ח</UnitQty>
      <Quantity>260</Quantity>
      <UnitMeasure>ל  מ"ל</UnitMeasure>
      <BisWeighted>0</BisWeighted>
      <QtyInPackage>1</QtyInPackage>
      <ItemPrice>33</ItemPrice>
      <UnitOfMeasurePrice>12.69</UnitOfMeasurePrice>
      <AllowDiscount>0</AllowDiscount>
      <itemStatus>1</itemStatus>
      <LastUpdateDate />
      <LastUpdateTime />
    </Product>
    <Product>
      <PriceUpdateDate>2013/11/10 14:55</PriceUpdateDate>
      <ItemCode>9001616203626</ItemCode>
      <ItemType>1</ItemType>
      <ItemName>פטמה שלב 3</ItemName>
      <ManufactureName>אלפא קוסמטיקה</ManufactureName>
      <ManufactureCountry />
      <ManufactureItemDescription />
      <UnitQty>י"ח</UnitQty>
      <Quantity>260</Quantity>
      <UnitMeasure>ל  מ"ל</UnitMeasure>
      <BisWeighted>0</BisWeighted>
      <QtyInPackage>1</QtyInPackage>
      <ItemPrice>33</ItemPrice>
      <UnitOfMeasurePrice>12.69</UnitOfMeasurePrice>
      <AllowDiscount>0</AllowDiscount>
      <itemStatus>1</itemStatus>
      <LastUpdateDate />
      <LastUpdateTime />
    </Product>
    <Product>
      <PriceUpdateDate>2019/01/27 13:00</PriceUpdateDate>
      <ItemCode>9001616661099</ItemCode>
      <ItemType>1</ItemType>
      <ItemName>בקבוק 270מ"ל ללא חלקים מתפרקים</ItemName>
      <ManufactureName>אלפא קוסמטיקה</ManufactureName>
      <ManufactureCountry />
      <ManufactureItemDescription />
      <UnitQty>י"ח</UnitQty>
      <Quantity>260</Quantity>
      <UnitMeasure>ל  מ"ל</UnitMeasure>
      <BisWeighted>0</BisWeighted>
      <QtyInPackage>1</QtyInPackage>
      <ItemPrice>38.90</ItemPrice>
      <UnitOfMeasurePrice>14.96</UnitOfMeasurePrice>
      <AllowDiscount>1</AllowDiscount>
      <itemStatus>1</itemStatus>
      <LastUpdateDate />
      <LastUpdateTime />
    </Product>
    <Product>
      <PriceUpdateDate>2018/11/27 10:17</PriceUpdateDate>
      <ItemCode>9001616702877</ItemCode>
      <ItemType>1</ItemType>
      <ItemName>זוג מוצצים בנות  מקסי אולטי 16+</ItemName>
      <ManufactureName>אלפא קוסמטיקה</ManufactureName>
      <ManufactureCountry />
      <ManufactureItemDescription />
      <UnitQty>י"ח</UnitQty>
      <Quantity>1</Quantity>
      <UnitMeasure />
      <BisWeighted>0</BisWeighted>
      <QtyInPackage>1</QtyInPackage>
      <ItemPrice>34.90</ItemPrice>
      <UnitOfMeasurePrice>34.90</UnitOfMeasurePrice>
      <AllowDiscount>0</AllowDiscount>
      <itemStatus>1</itemStatus>
      <LastUpdateDate />
      <LastUpdateTime />
    </Product>
    <Product>
      <PriceUpdateDate>2019/01/27 13:00</PriceUpdateDate>
      <ItemCode>9001616703010</ItemCode>
      <ItemType>1</ItemType>
      <ItemName>בקבוק 330מ"ל ללא חלקים מתפרקים</ItemName>
      <ManufactureName>אלפא קוסמטיקה</ManufactureName>
      <ManufactureCountry />
      <ManufactureItemDescription />
      <UnitQty>י"ח</UnitQty>
      <Quantity>260</Quantity>
      <UnitMeasure>ל  מ"ל</UnitMeasure>
      <BisWeighted>0</BisWeighted>
      <QtyInPackage>1</QtyInPackage>
      <ItemPrice>38.90</ItemPrice>
      <UnitOfMeasurePrice>14.96</UnitOfMeasurePrice>
      <AllowDiscount>1</AllowDiscount>
      <itemStatus>1</itemStatus>
      <LastUpdateDate />
      <LastUpdateTime />
    </Product>
    <Product>
      <PriceUpdateDate>2019/11/06 13:18</PriceUpdateDate>
      <ItemCode>9005835312718</ItemCode>
      <ItemType>1</ItemType>
      <ItemName>פירמידה מלח אקולוגי למדיח  קלרו</ItemName>
      <ManufactureName>יעקב יעקבי ובניו בעמ</ManufactureName>
      <ManufactureCountry />
      <ManufactureItemDescription />
      <UnitQty>י"ח</UnitQty>
      <Quantity>1</Quantity>
      <UnitMeasure>י"ח</UnitMeasure>
      <BisWeighted>0</BisWeighted>
      <QtyInPackage>1</QtyInPackage>
      <ItemPrice>13.90</ItemPrice>
      <UnitOfMeasurePrice>13.90</UnitOfMeasurePrice>
      <AllowDiscount>0</AllowDiscount>
      <itemStatus>1</itemStatus>
      <LastUpdateDate />
      <LastUpdateTime />
    </Product>
    <Product>
      <PriceUpdateDate>2019/07/17 11:01</PriceUpdateDate>
      <ItemCode>9310088007015</ItemCode>
      <ItemType>1</ItemType>
      <ItemName>פיוז אולטימייט</ItemName>
      <ManufactureName>קימברלי קלארק ישראל שיווק בעמ</ManufactureName>
      <ManufactureCountry />
      <ManufactureItemDescription />
      <UnitQty>י"ח</UnitQty>
      <Quantity>1</Quantity>
      <UnitMeasure />
      <BisWeighted>0</BisWeighted>
      <QtyInPackage>1</QtyInPackage>
      <ItemPrice>19.90</ItemPrice>
      <UnitOfMeasurePrice>19.90</UnitOfMeasurePrice>
      <AllowDiscount>0</AllowDiscount>
      <itemStatus>1</itemStatus>
      <LastUpdateDate />
      <LastUpdateTime />
    </Product>
    <Product>
      <PriceUpdateDate>2016/07/08 09:03</PriceUpdateDate>
      <ItemCode>9771565025005</ItemCode>
      <ItemType>1</ItemType>
      <ItemName>מעריב עיתון שישי</ItemName>
      <ManufactureName>ג רוזלם פוסט בעמ</ManufactureName>
      <ManufactureCountry />
      <ManufactureItemDescription />
      <UnitQty>י"ח</UnitQty>
      <Quantity>1</Quantity>
      <UnitMeasure />
      <BisWeighted>0</BisWeighted>
      <QtyInPackage>1</QtyInPackage>
      <ItemPrice>9.90</ItemPrice>
      <UnitOfMeasurePrice>9.90</UnitOfMeasurePrice>
      <AllowDiscount>1</AllowDiscount>
      <itemStatus>1</itemStatus>
      <LastUpdateDate />
      <LastUpdateTime />
    </Product>
    <Product>
      <PriceUpdateDate>2018/03/07 13:02</PriceUpdateDate>
      <ItemCode>9771565051035</ItemCode>
      <ItemType>1</ItemType>
      <ItemName>ידיעות אחרונות שבת ג</ItemName>
      <ManufactureName>ידיעות אחרונות בעמ</ManufactureName>
      <ManufactureCountry />
      <ManufactureItemDescription />
      <UnitQty>י"ח</UnitQty>
      <Quantity>1</Quantity>
      <UnitMeasure />
      <BisWeighted>0</BisWeighted>
      <QtyInPackage>1</QtyInPackage>
      <ItemPrice>16</ItemPrice>
      <UnitOfMeasurePrice>16</UnitOfMeasurePrice>
      <AllowDiscount>1</AllowDiscount>
      <itemStatus>1</itemStatus>
      <LastUpdateDate />
      <LastUpdateTime />
    </Product>
    <Product>
      <PriceUpdateDate>2018/03/07 12:59</PriceUpdateDate>
      <ItemCode>9771565051066</ItemCode>
      <ItemType>1</ItemType>
      <ItemName>ידיעות אחרונות שבת ו</ItemName>
      <ManufactureName>ידיעות אחרונות בעמ</ManufactureName>
      <ManufactureCountry />
      <ManufactureItemDescription />
      <UnitQty>י"ח</UnitQty>
      <Quantity>1</Quantity>
      <UnitMeasure />
      <BisWeighted>0</BisWeighted>
      <QtyInPackage>1</QtyInPackage>
      <ItemPrice>16</ItemPrice>
      <UnitOfMeasurePrice>16</UnitOfMeasurePrice>
      <AllowDiscount>1</AllowDiscount>
      <itemStatus>1</itemStatus>
      <LastUpdateDate />
      <LastUpdateTime />
    </Product>
    <Product>
      <PriceUpdateDate>2019/12/25 08:52</PriceUpdateDate>
      <ItemCode>5411188110835</ItemCode>
      <ItemType>1</ItemType>
      <ItemName>אלפרו חלב שקדים 1ל</ItemName>
      <ManufactureName>ש.שסטוביץ בעמ</ManufactureName>
      <ManufactureCountry />
      <ManufactureItemDescription />
      <UnitQty>י"ח</UnitQty>
      <Quantity>1</Quantity>
      <UnitMeasure>ליטר</UnitMeasure>
      <BisWeighted>0</BisWeighted>
      <QtyInPackage>1</QtyInPackage>
      <ItemPrice>15.90</ItemPrice>
      <UnitOfMeasurePrice>15.90</UnitOfMeasurePrice>
      <AllowDiscount>1</AllowDiscount>
      <itemStatus>1</itemStatus>
      <LastUpdateDate />
      <LastUpdateTime />
    </Product>
  </Products>
</Prices>